3150 5125
364 420 421 525 sn
444 420 566 486 soum
585 420 811 485 osuosrrs.
833 420 1056 483 suessos.
1197 402 1273 481 arx*
1295 366 1303 379 ¹

163 574 229 655 qn'n
240 572 330 636 merit
341 573 391 637 hic
405 574 559 656 Ulpianus,
573 574 713 655 quibusve
730 575 910 657 temporibus
927 574 1040 644 meant,
1056 592 1117 633 noa
1138 585 1265 643 consus.

165 678 266 727 umen
280 686 348 732 eum
362 680 432 730 ante
444 669 555 749 raliqnot
574 668 676 729 secula
687 668 795 729 vixisse
807 668 957 749 probabile
969 667 1028 744 estl
1041 666 1220 745 ιοςιιιιιιιιιι,
1231 666 1264 727 ιι

164 778 202 820 eo
212 760 267 820 vel*
281 760 408 839 genium,
422 761 470 821 vel
482 761 616 824 utilitatis
628 761 738 841 aliquid
755 762 853 822 inesse
873 751 1029 842 oportera,'
1040 770 1129 837 atque
1144 757 1218 838 ipae,
1231 768 1265 817 nt

166 851 236 923 dixi,
249 852 449 926 memineram,
468 874 519 915 me
537 854 576 915 ab
596 872 633 914 eo
652 853 841 926 admonitum,
862 874 923 914 non
942 870 1035 932 panea
1055 848 1265 911 Demosthenis

165 944 233 1003 loca
242 955 273 1003 et
283 944 460 1007 intellexisse
473 946 590 1019 metius,
604 958 637 1007 et
648 944 816 1027 diligentius
829 947 1050 1027 pervestigasse·
1090 943 1191 1009 Quare
1203 960 1264 1001 non

166 1036 407 1099 committendum
427 1039 596 1111 arbitrabar,
614 1049 647 1097 ut
665 1038 836 1099 Grecarum
853 1039 1002 1099 literarum
1022 1037 1110 1096 mdes
1130 1052 1168 1095 ea
1187 1032 1267 1093 utili·

166 1138 229 1189 tate
249 1130 364 1208 penitus
380 1130 596 1207 fraudarentur.
638 1130 674 1191 ln
695 1131 794 1192 ιιιιιιιο
817 1132 905 1210 igitur
925 1127 998 1201 ciat,
1020 1128 1172 1208 preceris·
1191 1127 1265 1197 alia,

167 1240 240 1299 qnae
247 1222 313 1302 plus
325 1224 479 1285 aerbonrrn
492 1236 524 1289 et
536 1222 732 1295 obscuritatis,
747 1243 837 1304 quam
850 1222 1030 1294 eruditionis,
1042 1222 1194 1291 haberent,
1208 1219 1266 1279 uti·

165 1312 276 1375 heims
293 1334 419 1395 queque
438 1336 478 1377 ex
492 1336 528 1377 eo
542 1316 707 1395 decerpte'
698 1334 828 1375 inserere
841 1315 914 1375 ιιιοιι
925 1312 1179 1384 Annotationrbus,
1193 1328 1265 1390 qun

50 1424 58 1432 ·
167 1404 199 1465 in
208 1414 305 1481 totum
317 1408 548 1470 Demosthenem
566 1408 768 1487 jampridem
761 1408 880 1480 institui,
893 1419 924 1467 et
937 1418 1041 1487 quarta
1053 1426 1091 1465 ex
1102 1416 1186 1510 parte
1198 1424 1267 1484 pro·

169 1499 328 1577 petundum
346 1500 469 1571 absolvi,
489 1500 671 1570 abnluturua
685 1499 772 1559 ctiam
788 1510 906 1570 cetera,
919 1498 976 1559 nisi
993 1496 1139 1558 fortrmte
1131 1496 1268 1575 iniqnitas

170 1598 283 1649 emtam
295 1608 331 1651 ac
342 1590 525 1669 tranquillam
539 1591 649 1660 sedem,
663 1600 694 1650 et
706 1592 904 1650 necessarium
917 1591 958 1649 ad
968 1602 1083 1650 mnmm
1103 1606 1187 1667 opus,
1206 1606 1270 1666 pro·

73 1738 76 1746 ,
171 1690 238 1760 pter
256 1682 338 1759 quod
360 1681 486 1760 plurimi,
505 1693 567 1741 tum
589 1682 697 1753 Greci,
720 1692 781 1741 tun
805 1681 905 1744 Latini
924 1682 1091 1761 scriptores,
1116 1678 1269 1741 evolvendi

170 1782 269 1843 erunt,
283 1772 375 1832 otium
383 1782 515 1852 negaret.
556 1773 617 1835 Sed
630 1774 668 1833 ab
681 1774 740 1833 hoc
750 1773 884 1833 instituto
897 1773 965 1833 duas
977 1790 1026 1833 me
1039 1772 1165 1833 rationes
1173 1772 1268 1851 depu-

168 1863 267 1923 lerunt
281 1883 289 1923 ι
311 1883 378 1936 uua,
393 1865 470 1943 qnod
483 1864 585 1943 injurie
597 1864 659 1927 lieri
672 1865 828 1925 videbatur
838 1864 976 1944 Ulpiano,
985 1864 1011 1924 si
1024 1869 1087 1940 eJus
1106 1884 1189 1943 opos,
1204 1869 1268 1939 ‚iam

170 1965 240 2015 ante
259 1954 401 2029 mutilum,
424 1958 518 2037 magis
540 1958 628 2018 etiam
650 1967 842 2019 truncaretur.
882 1956 971 2024 Quod
986 1958 1063 2015 eninr
1076 1976 1133 2043 ego
1147 1957 1177 2016 in
1195 1956 1267 2015 meis

170 2046 305 2125 operibus
319 2058 350 2108 et
370 2048 608 2111 conversionibus
627 2050 806 2129 iniquissimo
826 2048 1059 2122 enimomnes,
1080 2051 1124 2129 (et
1143 2050 1207 2127 quis
1226 2048 1270 2108 ita
1376 2119 1383 2127 ,

169 2138 243 2199 lenis
256 2151 307 2200 aut
320 2130 420 2201 socor's
434 2152 488 2213 est,
499 2142 570 2221 quin
583 2160 637 2201 sua
649 2142 756 2222 scripte
767 2141 930 2202 temerariis
943 2142 1066 2201 aliorum
1078 2142 1210 2204 manibus
1223 2152 1270 2199 st·

170 2232 290 2292 trecteri
309 2244 341 2293 et
360 2234 508 2314 compilari
529 2254 609 2313 segre
630 2234 792 2315 patiaturi)
812 2235 851 2293 ab
871 2253 909 2293 eo
931 2235 1067 2312 religiose
1087 2234 1158 2293 mibi
1177 2234 1269 2293 abati·

170 2324 300 2383 nendum
313 2324 345 2384 in
357 2325 478 2385 abosum
493 2326 581 2386 etiam
594 2326 843 2387 lucubrationibus
856 2326 1028 2386 arbitraber.
1056 2326 1172 2398 Altera,
1181 2328 1270 2406 quod,

171 2432 240 2493 qum
252 2435 308 2494 ego
321 2434 541 2497 supervacanee
553 2417 737 2490 censuissem,
753 2417 827 2477 alius
839 2418 965 2479 fortasse
984 2419 1149 2498 cumprimis
1163 2440 1271 2499 oppos.

172 2515 246 2568 tuna
257 2508 312 2567 sibi
325 2521 356 2568 et
369 2506 524 2570 commoda
531 2505 700 2584 judicasset.
741 2511 823 2578 Quot
834 2512 913 2572 enim
926 2510 1034 2591 capita,
1048 2522 1093 2572 tot
1104 2512 1269 2586 sententiis,

172 2609 205 2662 et
218 2619 302 2660 stiam
314 2599 434 2680 quisque
447 2599 611 2679 opinionem
624 2611 710 2680 putat
722 2620 786 2662 esse
799 2603 948 2682 optimam,
959 2613 991 2664 et
997 2621 1087 2682 quem
1099 2605 1187 2682 paulo
1200 2615 1272 2671 ante,

172 2693 315 2774 probavit,
326 2704 391 2774 post
401 2692 464 2772 ipse
472 2691 618 2773 repudiet,
628 2703 662 2754 ut
672 2693 742 2754 mihi
751 2713 818 2754 curn
824 2694 958 2756 Lucieno
969 2695 1134 2756 exclamare
1145 2695 1271 2758 subinde

398 2889 463 2941 oue
471 2889 492 2939 s
500 2889 628 2955 svam
639 2891 737 2956 aaut
747 2880 798 2942 sse
807 2893 885 2955 aaa,

464 2966 547 3020 'm'l
556 2971 585 3018 ss
594 2969 895 3036 θιψιζικηόθίτιμπ
905 2968 982 3031 adsue

176 3065 241 3133 Etsi
254 3071 330 3132 enim
342 3071 421 3132 illam
443 3069 678 3131 academicorum
691 3071 892 3150 ἀκαταληψιαν
904 3090 966 3131 non
978 3071 1083 3150 probo,
1093 3067 1215 3128 infinite
1225 3079 1271 3130 ta·

175 3181 245 3221 men
257 3162 408 3222 doctorum
421 3172 453 3222 et
466 3161 630 3241 sapientum
644 3165 689 3236 (ut
708 3162 854 3240 perhssseri
869 3181 902 3222 sc
920 3163 1032 3237 volunt)
1051 3179 1118 3221 cum
1137 3160 1176 3219 ab
1196 3160 1270 3234 eliis,

176 3265 272 3314 turma
290 3253 454 3333 semetipsis
468 3253 673 3324 dissensiones,
688 3253 775 3313 etiem
796 3273 864 3314 cum
878 3254 950 3314 nihil
963 3253 1035 3314 dent
1048 3251 1206 3325 ambitioni,
1220 3253 1274 3314 ιιι
1359 3280 1362 3289 =

177 3345 363 3416 emulationi,
381 3365 447 3406 cum
466 3345 605 3425 simplicis
617 3345 747 3405 veritatis
759 3347 902 3407 rationem
920 3346 1030 3406 habere
1050 3365 1083 3406 se
1096 3345 1208 3417 dicunt,
1221 3365 1271 3405 me

178 3435 367 3496 vehementer
379 3447 507 3509 movent,
520 3447 553 3496 nt
564 3437 680 3496 multis'
671 3456 701 3495 m
714 3438 802 3497 rebus
815 3439 962 3516 agendum
975 3447 1006 3497 et
1018 3437 1270 3517 pronunciandum

179 3547 245 3589 esse
255 3528 367 3588 mutius
378 3529 550 3588 existimem.
590 3529 719 3590 Proinde
732 3549 770 3589 ne
779 3531 899 3590 studiosi
912 3531 1009 3590 Latini
1019 3531 1158 3591 sermonis
1171 3531 1203 3589 in
1214 3529 1271 3591 hoc

155 3651 161 3668 =
178 3639 270 3702 opere
282 3620 427 3681 deteriore
441 3620 609 3682 conditione
621 3634 729 3693 essent,
743 3641 830 3702 msam
845 3623 958 3682 Grecis
970 3623 1060 3683 literis
1073 3622 1187 3694 eruditi,
1199 3641 1270 3682 con·

177 3715 333 3775 vertendas
346 3714 435 3774 etiam
448 3713 502 3776 has
514 3713 632 3794 Ulpiani
643 3716 840 3775 enarrationes
854 3716 977 3796 suscepi,
992 3735 1050 3776 non
1063 3715 1163 3775 ulisse
1176 3715 1271 3794 megla

177 3807 280 3881 betur,
290 3825 378 3889 quam
391 3807 519 3868 candore
533 3818 565 3867 et
574 3807 754 3866 humanitate
762 3809 839 3888 sequi
851 3809 980 3880 lectoris,
992 3807 1067 3888 (quis
1081 3809 1158 3868 enirn
1170 3808 1204 3868 iis
1215 3807 1273 3868 dif-

177 3899 363 3971 ficultatibus,
385 3919 457 3982 quas
477 3917 567 3981 supra
585 3899 717 3980 exposui,
738 3901 945 3973 circumvento,
963 3901 1076 3961 veniam
1097 3921 1157 3961 non
1176 3899 1272 3974 daret,

95 4053 102 4072 x
178 3991 234 4052 nisi
248 3992 422 4053 acommuni
434 3991 523 4054 etiam
536 4011 624 4054 sensu
637 3991 747 4052 alienus
755 3991 780 4068 i)
795 4002 826 4051 et
836 3992 1005 4052 assiduitate
1018 3991 1177 4072 diligentiae
1188 4011 1225 4053 ac
1238 3991 1271 4050 in

181 4083 321 4145 doctrines
343 4083 454 4158 studiis,
479 4085 585 4166 quibus
606 4103 655 4144 me
677 4083 807 4164 iniquum
832 4084 950 4144 Saturni
971 4085 1051 4144 sidus
1075 4085 1185 4165 exiguo
1202 4103 1271 4143 cum

91 4170 94 4179 ’
179 4175 317 4238 sructuet
329 4175 477 4255 voluptate
490 4177 629 4256 alllgavit,
642 4175 796 4238 tolerantia
804 4176 999 4237 molestiarum
1010 4187 1041 4236 et
1050 4174 1191 4236 laborum.
1212 4175 1272 4235 Co·
1386 4191 1390 4203 '

180 4268 276 4328 dicem
295 4267 384 4346 igitur
398 4267 547 4340 Graecum,
565 4269 616 4328 ubi
635 4267 666 4328 id
685 4267 755 4327 mihi
775 4269 850 4328 eitra
867 4269 1071 4339 temeritatem,
1088 4279 1177 4346 atque
1195 4266 1272 4328 adeo

181 4379 350 4440 vareposse
362 4360 461 4421 fecere
475 4360 604 4431 videbar,
625 4360 730 4441 partim
742 4360 839 4422 verbis
853 4359 1071 4429 Demosthenis,
1082 4359 1120 4416 ad
1133 4377 1200 4436 que
1210 4368 1273 4420 tote
1386 4359 1392 4372 ’

183 4449 337 4534 explicetis
346 4451 501 4513 referende
515 4463 569 4523 est,
584 4453 740 4533 diligenter
751 4452 902 4532 inspectis,
915 4451 1021 4533 partim
1034 4449 1189 4529 sagacibus
1201 4470 1272 4512 con·

178 4543 301 4620 jecturis
315 4543 456 4618 adhibitis,
469 4545 543 4640 locis
563 4545 628 4626 plus
647 4544 692 4606 bis
711 4544 791 4604 mille
811 4544 935 4619 correxi,
948 4561 1045 4622 nequa
1057 4542 1121 4604 sere
1135 4544 1272 4625 pauciora
1350 4601 1353 4607 .
