3150 5125
295 398 359 457 ouri
638 394 802 457 tutem
826 391 1066 457 ruentum.

299 558 391 609 tatem
416 547 612 628 castigatiora
635 548 844 630 aliquantulum
865 550 1275 623 enodammmonintex
1294 562 1327 613 te
1342 570 1405 613 au·

301 641 474 701 divisae-''
514 640 589 701 Inde
603 658 684 703 ortus
703 654 845 723 evagatur
862 644 893 703 in
905 644 985 705 looos
1004 660 1184 717 communes,
1199 643 1313 704 dudum
1325 663 1401 725 pro·

221 768 231 779 ·
300 734 383 794 tritos
397 744 427 795 et
445 732 639 795 adfmtidinm
653 734 832 797 declamatos
843 736 883 796 de
892 735 1029 817 leodibus
1050 735 1224 817 eloquentie
1243 736 1402 817 ipsiusque

301 825 518 887 Demosthenis.
527 826 630 906 quihus
651 828 928 908 arfiungitanedom
941 828 980 889 de
993 848 1128 890 saecum
1142 828 1302 891 Frane'noo
1313 829 1400 890 Lau·

299 929 415 991 relano,
433 917 551 979 Abbate
573 918 658 979 Divoe
683 918 789 981 Merite
810 920 1005 1001 vangaditia,
1027 922 1075 981 oui
1099 920 1258 983 Francisoo
1282 922 1401 982 Demo-

301 1010 420 1072 sthenes
434 1010 616 1072 Felicioneus
640 1010 793 1093 inscriptus
814 1024 869 1087 est,
883 1024 915 1074 et
933 1032 1000 1074 eum
1022 1013 1106 1074 istius
1126 1012 1275 1075 Francisei
1290 1014 1399 1087 hone,

300 1103 440 1177 Antonio,
461 1092 686 1169 necessitudine.
725 1107 807 1173 Qun.
822 1106 921 1170 omia
939 1106 980 1167 sd
992 1125 1047 1167 nos
1059 1105 1102 1167 nil
1118 1107 1277 1186 pertinent.
1316 1108 1401 1175 (bro

300 1205 399 1257 antem
421 1194 523 1275 ipsius,
543 1196 594 1276 qui
617 1197 712 1262 editor
735 1207 824 1272 asset
843 1216 1002 1279 porsonm
1021 1198 1146 1261 deoobst
1158 1218 1214 1259 noa
1227 1199 1349 1272 ὼωυ,
1362 1208 1400 1260 ot

302 1296 576 1369 qoaenosusquam
591 1288 1400 1371 plurinomintareratnosabipso,qeiunuonnin

302 1382 411 1462 optime
428 1392 537 1453 nosset,
557 1393 589 1443 et
607 1382 686 1445 solus
705 1400 795 1445 nossa
807 1394 934 1463 potest,
946 1382 1058 1455 doeeri,
1071 1400 1261 1445 amorne
1276 1382 1397 1444 ahai.

301 1474 337 1537 ln
350 1492 410 1553 quo
423 1485 454 1534 et
467 1474 528 1553 ipse
540 1474 611 1546 suia,
625 1484 657 1535 et
669 1473 813 1537 lectorum
824 1474 936 1554 puriter
953 1472 1116 1537 wnnodis
1128 1472 1237 1537 offutu-
1275 1472 1341 1537 ted
1351 1473 1397 1535 sio

301 1566 435 1630 ferebant
446 1566 503 1631 ieta
516 1577 657 1647 tempora,
669 1584 737 1646 quae
749 1585 818 1629 eum
830 1566 938 1631 tulere.

703 1844 833 1913 SECT.
856 1846 994 1913 XXX.

631 2018 677 2085 De
689 2021 779 2086 cudae
794 2022 961 2101 Anguem
973 2029 1059 2083 sesto.

341 2186 528 2249 Mrstnmtr
542 2184 581 2247 ad
594 2203 641 2247 me
661 2204 757 2269 nuper
776 2188 958 2269 Augusteum
976 2186 1148 2269 reipublice
1171 2204 1319 2268 proceres,
1338 2190 1392 2271 qui

301 2282 427 2363 publicae
446 2300 508 2343 tuoe
528 2278 716 2341 bibliothecae
738 2292 877 2361 praeeunt,
891 2282 931 2343 ad
942 2299 991 2341 me
1004 2280 1124 2342 codice
1143 2300 1258 2363 groecoa
1279 2281 1390 2343 oslssno

301 2386 435 2435 exaratos
447 2390 568 2432 numero
586 2390 648 2446 sex,
661 2371 692 2429 in
705 2372 810 2451 quibus
830 2384 878 2433 eat
890 2373 1024 2447 volumen
1043 2372 1178 2456 spissum,
1196 2372 1300 2438 forme
1319 2393 1390 2455 qus·

301 2465 402 2538 dratoe,
413 2460 586 2545 pulticulam
601 2462 740 2539 exiguam
752 2464 960 2526 Demosthenis
982 2477 1099 2535 tenent,
1120 2473 1180 2526 tres
1201 2463 1390 2547 Olynthlaoaa

300 2568 380 2639 pute,
396 2554 586 2636 Philippioam
600 2554 732 2636 primam,
752 2556 907 2638 epistolam
927 2556 1065 2638 Philippi,
1078 2567 1111 2618 et
1124 2558 1162 2618 de
1182 2576 1270 2638 pace.
1310 2556 1392 2631 Non·

300 2651 368 2712 dum
378 2649 590 2728 ¹vacruvitbujua
604 2648 715 2710 codicis
737 2648 879 2714 lectiones
892 2651 1070 2712 examinare.
1111 2649 1173 2712 Sed
1182 2649 1329 2712 exhibebo
1340 2650 1392 2716 has

240 2745 243 2756 “
301 2764 417 2826 quoque
431 2743 461 2802 in
473 2741 594 2804 materia
605 2741 713 2803 critica.
754 2742 965 2806 Miscellaneue
978 2752 1024 2804 est
1035 2743 1131 2806 codex
1149 2742 1281 2804 amultis
1304 2744 1391 2808 oolls·

299 2849 357 2908 tua,
373 2837 453 2918 quod
466 2835 588 2896 diversae
601 2853 704 2894 manua
723 2845 878 2908 testantur,
892 2847 1031 2899 exaratur
1048 2835 1080 2894 in
1099 2835 1184 2896 ltalia
1202 2835 1311 2896 secolo
1325 2836 1391 2916 XV,

299 2941 433 3017 eaeunte,
447 2939 500 2992 aut
513 2927 598 2988 XVI.
620 2927 749 2990 ineunte.
790 2927 902 2990 Nescio
915 2947 953 2990 en
963 2927 1155 2993 Pirlrhtimeri
1166 2929 1314 3005 qnondam
1327 2929 1391 2992 sue-

299 3027 348 3100 rit,
360 3043 447 3104 quem
460 3021 592 3101 suspicor
605 3039 643 3082 ex
655 3020 706 3082 illo
727 3020 832 3082 codice
851 3022 976 3102 primam
989 3021 1185 3102 Tbeophrasti
1196 3021 1390 3089 characteres

300 3115 433 3178 edidisse.
474 3113 611 3188 Longum
630 3111 668 3172 sit
687 3111 805 3190 singula
825 3132 1066 3188 commemorare,
1080 3133 1147 3196 qtae
1165 3114 1225 3175 hoc
1245 3117 1389 3188 volumine
1413 3159 1420 3174 .

299 3191 495 3276 eontinentur,
517 3201 668 3282 opuscula.
723 3203 866 3266 Brenbus
885 3225 1039 3285 exseqom
1089 3204 1166 3268 Sunt
1186 3205 1228 3267 ihi
1251 3209 1387 3288 epietoln,

298 3318 371 3380 quas
386 3297 483 3358 Aldus
502 3294 606 3365 edidit,
620 3293 709 3355 Attici
722 3295 889 3378 fmgmanta
900 3318 954 3379 pro
969 3298 1105 3376 Platone,
1115 3318 1182 3379 quau
1193 3301 1320 3362 sonavit
1329 3301 1388 3363 llu-

298 3391 405 3464 sebius,
419 3388 540 3470 Georgii
560 3387 713 3464 Scholarii,
732 3387 871 3450 Gemistii
894 3390 1056 3463 Plethonis,
1081 3390 1246 3474 Andronici
1267 3392 1388 3468 Callisti,

300 3483 489 3556 Bennionn,
514 3480 631 3542 loannis
652 3479 816 3560 Saguntini,
835 3481 993 3544 Michaelis
1008 3481 1251 3559 Pselli,1.ibauii,
1270 3485 1388 3568 loliani,

299 3575 432 3647 Luoiani,
448 3573 572 3655 Synesii,
588 3571 793 3653 Theophrasti,
808 3573 985 3648 Aristotelia,
1000 3573 1141 3648 Platonis,
1154 3587 1187 3638 et
1204 3577 1305 3640 neseio
1317 3598 1389 3660 quoq

298 3689 362 3731 ram
382 3669 556 3748 fragmenta.
606 3665 810 3728 Tumultusrie
827 3686 896 3729 eum
912 3668 1101 3750 persolutae
1120 3670 1218 3750 reperi
1239 3672 1389 3754 epistolem

299 3759 418 3832 Julieni,
430 3778 496 3839 quae
509 3759 539 3818 in
554 3758 727 3820 collectione
742 3759 910 3840 spanhemii
920 3772 966 3821 eat
974 3765 1025 3824 58.
1036 3781 1070 3842 p.
1082 3766 1154 3826 448.
1164 3761 1327 3844 pleniorem
1338 3785 1390 3828 ex·

300 3851 402 3932 emplie
412 3851 587 3930 vulgaribus.
609 3851 670 3934 seu
683 3851 761 3912 illum
776 3852 928 3932 epistolam
941 3854 1085 3936 integrum
1095 3855 1207 3918 dudum
1219 3857 1313 3919 edidit
1322 3858 1389 3927 Mra

300 3945 432 4017 ratorius,
446 3945 526 4004 unde
543 3944 660 4026 repetiit
679 3944 830 4016 Fabricius
842 3946 920 4008 Bibl
933 3946 988 4008 Gr.
1003 3946 1040 4010 T.
1055 3947 1125 4007 Vll.
1138 3966 1208 4030 pag.
1217 3953 1268 4013 84.
1308 3951 1389 4014 Alias

300 4039 426 4118 quinque
439 4036 560 4098 ineditos
573 4037 682 4098 sulani
695 4037 835 4118 epistolas
847 4039 956 4100 ibidem
964 4039 1068 4120 reperi,
1079 4059 1152 4122 quaa
1160 4041 1389 4124 Wyttenboohio

247 4117 255 4127 ⁶
300 4152 375 4210 meo,
389 4130 487 4194 futuro
500 4129 609 4194 iuliani
623 4130 816 4205 restauratori,
827 4151 956 4196 reservo.
