3150 5125
274 432 278 441 ¹
384 431 590 497 sonuum
608 429 833 498 neruosus.
853 433 1079 497 ensem
1193 440 1287 518 ,usn

176 598 217 647 et
225 584 432 658 humanissimi,
439 588 549 648 veteris
561 587 648 648 enrici
660 587 727 661 mei,
737 587 852 648 oedibus
863 606 924 648 una
934 588 1153 667 pranderemus,
1167 600 1199 649 et
1211 612 1283 655 ccu-
1384 604 1389 613 “

184 688 305 757 spectus
317 688 383 738 tuus
403 672 491 740 iis'de
504 680 607 752 musis,
622 699 694 761 quos
707 679 837 759 exposui,
848 682 1055 759 perjucundus,
1065 690 1097 742 et
1108 682 1200 741 multo
1213 703 1281 761 gra-

176 770 239 829 tior
255 769 378 830 comitas
398 771 550 843 orationis,¹
566 792 625 852 qua
637 792 685 833 me
698 772 776 831 ultro
792 770 831 831 sd
848 772 1043 835 renovandam
1062 792 1160 833 rernm
1179 786 1280 853 peter-

179 880 282 921 nsrum
301 862 457 923 amicitiam
476 864 694 945 perhumaniter
712 864 865 925 invitabas.
907 864 966 926 Cui
977 865 1032 929 etsi
1045 884 1103 946 ego
1115 885 1212 926 meam
1230 878 1277 929 te·

177 954 320 1013 unitatem
333 974 403 1015 esse
411 957 562 1037 imperem,
575 958 663 1018 facile
678 958 775 1027 video,
789 967 889 1017 umen
903 958 934 1017 ci
945 957 1011 1018 aad·
1023 961 1166 1042 ὑπεροχὴν
1179 964 1273 1039 φιλίαι

179 1047 222 1107 sic
242 1048 340 1108 locum
353 1046 463 1109 habere
481 1060 609 1129 possum,
629 1050 653 1109 si
675 1068 742 1109 cum
760 1048 797 1108 iis
815 1048 904 1109 etiam
917 1049 1136 1129 φιλανθρωπίας
1149 1052 1275 1133 ὑπεροχαὶ

180 1142 384 1219 conjungatur,
399 1161 466 1222 quae
478 1140 510 1201 in
524 1143 592 1202 Deo
600 1141 671 1221 Opt.
680 1142 768 1203 Max.
778 1152 862 1202 tants
873 1152 920 1201 est
932 1152 964 1201 et
976 1153 1037 1203 tam
1049 1142 1226 1216 admiranda,
1240 1154 1275 1204 ut
1318 1151 1328 1157 '

175 1236 240 1308 ejus
252 1234 432 1311 cogitatione
440 1252 527 1295 mens
546 1234 674 1293 humana
687 1242 773 1292 extre
786 1250 853 1292 sese
865 1232 1082 1309 quodammodo
1093 1244 1179 1315 rapta
1190 1233 1274 1313 peni·

177 1334 226 1383 tus
240 1324 440 1405 obtorpescat,
449 1336 480 1385 et
489 1326 541 1385 ills
551 1327 662 1405 abysso
672 1324 778 1385 uuae
790 1323 929 1388 honines
942 1323 1140 1387 absorbentur.
1174 1328 1276 1392 Quam

178 1434 236 1494 ego
250 1416 319 1475 olim
334 1418 531 1489 considerans,
546 1438 615 1477 cum
629 1416 730 1477 nescio
744 1414 815 1495 quid
827 1414 866 1475 de
877 1435 979 1477 mense
992 1417 1153 1479 Decembri
1165 1415 1272 1480 scribe·

178 1526 251 1583 rem,
264 1508 295 1568 in
303 1510 363 1571 hoc
376 1509 519 1570 distichon
533 1510 632 1589 erupi:

309 1614 407 1672 Omnia
419 1616 492 1691 quod
501 1620 613 1690 superat
625 1614 768 1690 neironis,
782 1614 956 1677 cssrsnm
971 1614 1067 1677 lusus

386 1705 454 1763 Tam
465 1705 553 1765 coluit
564 1706 651 1778 omri,
663 1724 723 1765 curu
736 1704 829 1765 Deus
843 1715 925 1778 esset,
941 1707 1055 1767 Hono.

188 1830 190 1835 ’
215 1821 299 1882 Facis
311 1820 427 1899 igitursi
440 1834 489 1893 τῆς
503 1820 717 1901 φιλανθρωπίας
729 1844 779 1881 σου
793 1825 926 1904 ὑπεροχή,
939 1832 972 1881 ut
984 1826 1036 1897 niv
1051 1826 1110 1883 roff
1122 1827 1268 1905 ὑπεροχήν

172 1912 273 1995 psillos
286 1936 346 1983 ooo,
364 1930 424 1971 non
445 1912 550 1983 fraudi,
573 1912 628 1971 sed
650 1912 730 1972 laudi
753 1912 823 1972 mihi
843 1913 907 1975 fore
928 1930 1064 1993 sperem:
1085 1914 1269 1992 vicissimque

169 2004 296 2063 eandem
310 2003 522 2076 observantiam
532 2014 592 2063 tuoe
605 2023 722 2083 quoque
731 2006 906 2084 prestantia
918 2006 1071 2086 polliceor,
1082 2025 1141 2085 qua
1152 2015 1266 2086 petrem

170 2108 254 2156 tuum
275 2097 313 2156 ab
332 2096 450 2155 ineunte
469 2105 557 2155 aetate
576 2115 667 2174 usque
689 2098 727 2157 ub
749 2098 862 2157 obitum
884 2118 947 2157 sum
967 2108 1149 2176 prosecutus.
1189 2096 1267 2157 Nam

170 2206 237 2247 cnm
248 2188 288 2249 illi
303 2206 376 2266 puer
389 2188 547 2247 etiamnum
560 2206 579 2245 a
593 2187 721 2248 Sebuldo
736 2188 876 2248 Heideno
888 2199 1073 2267 preceptore
1087 2208 1154 2249 meo
1167 2207 1267 2247 aman·

167 2280 289 2351 tiammo,
308 2280 407 2339 nescio
430 2296 488 2357 quo
509 2278 615 2356 ingenii
639 2288 671 2337 et
692 2276 780 2337 studii
800 2279 955 2355 cujusdem
977 2279 1130 2358 singularis
1151 2278 1266 2339 nomine

169 2373 392 2433 commendoms
412 2371 543 2442 inissem,
563 2380 593 2427 et
616 2380 677 2429 tum
699 2369 777 2428 bene
797 2370 842 2429 de
856 2390 906 2429 me
928 2370 1035 2431 sentire
1059 2367 1156 2449 coepit,
1178 2370 1265 2443 etde

169 2465 283 2536 adulto,
298 2465 366 2523 dum
380 2462 492 2541 reipub.
502 2470 608 2519 vestroe
620 2459 797 2532 inservirem,
810 2480 939 2538 presens
953 2472 984 2519 et
996 2463 1103 2522 absens
1116 2464 1194 2523 bene
1204 2480 1267 2523 me-

168 2557 228 2620 reri
245 2577 306 2616 non
319 2554 440 2616 destitit.
478 2552 582 2632 Itaque
594 2563 629 2611 nt
641 2551 783 2612 viventem
801 2551 959 2624 colueram,
972 2552 1014 2613 ita
1031 2552 1120 2616 etiam
1132 2552 1265 2616 defuncti

170 2648 341 2710 memoriam
351 2645 496 2707 versiculis
510 2664 567 2704 non
580 2653 640 2704 tam
649 2642 743 2713 bonis,
756 2644 932 2722 quambene
945 2645 1041 2704 animo
1051 2645 1176 2724 scriptis,
1185 2648 1266 2725 (nans

170 2759 221 2800 me
240 2748 380 2818 perpetuo
402 2755 468 2796 cum
491 2733 602 2795 morbis
620 2733 805 2813 molestiaque
829 2734 974 2796 laboribus
997 2735 1213 2796 conflictantem
1233 2747 1266 2796 et

171 2831 277 2911 Apollo
297 2839 328 2888 et
338 2829 436 2888 Musoe
457 2845 558 2888 omnes
572 2825 776 2900 destituerunt)
789 2837 819 2884 ts
834 2825 996 2906 presertim
1013 2827 1173 2899 hortatore,
1187 2828 1266 2887 cele-

166 2923 311 2984 bmndum
331 2939 397 2981 esse
415 2919 504 2980 duri:
524 2937 597 2999 quos
617 2917 685 2977 ideo
696 2917 734 2977 ad
749 2929 780 2977 te
793 2917 887 2990 mitto,
902 2928 935 2977 ut
948 2919 978 2976 in
992 2918 1098 2978 codem
1112 2920 1266 2998 opusculo,

169 3035 229 3076 non
248 3031 355 3092 magno
368 3011 418 3071 illo
432 3011 559 3092 quidem,
582 3010 636 3070 sed
655 3029 762 3089 magno
782 3010 877 3070 autori
896 3009 1088 3097 intelligendo
1107 3013 1263 3083 serviente,

168 3125 255 3187 quem
274 3117 305 3165 et
324 3114 407 3184 pater
428 3113 460 3162 et
480 3102 556 3162 filius
577 3101 794 3180 magnifaciunt,
814 3100 923 3160 mentio
945 3101 1104 3179 utriusque,
1123 3100 1149 3160 si
1168 3102 1272 3164 minus¹

168 3197 338 3268 honorifica,
353 3207 384 3256 st
396 3195 543 3255 sb'animo
553 3203 639 3272 grato
653 3203 684 3252 et
700 3192 822 3252 memori
838 3191 982 3271 profecta,
999 3201 1140 3253 excuset.
1178 3193 1265 3256 Vale.

171 3291 315 3369 Auguste
323 3287 440 3349 Vindcl.
460 3285 598 3348 Calendis
612 3282 797 3349 Decembris.
837 3286 928 3344 Anno
942 3299 979 3344 nr.
989 3301 1022 3344 n.
1036 3301 1128 3347 uxrx.

381 3494 763 3574 HIERONYMUS
789 3492 1045 3571 WOLFIUS

537 3621 652 3681 Eusebio
673 3621 816 3702 Episcops'o
834 3641 882 3680 suo

206 3847 344 3911 Qnsuss
365 3837 575 3918 manuscriptos
595 3751 858 3917 codicessplerique
877 3835 986 3896 faciant
1005 3835 1094 3917 (quod
1118 3856 1174 3896 nec
1194 3837 1257 3916 ipse

166 3933 333 4002 contemno)
348 3953 415 3992 cum
435 3951 494 3992 non
507 3933 682 4010 ignorarem,
696 3928 774 3989 dolui
788 3949 868 3998 sane,
880 3930 1060 4006 Augusteum
1073 3929 1258 4008 Reipublicae
1379 4009 1382 4014 ,

164 4027 388 4089 vetustissimum
407 4023 613 4084 Demosthenis
634 4021 794 4100 exemplar,
811 4040 877 4079 cum
891 4021 928 4080 ob
943 4021 1081 4100 temporis
1099 4019 1257 4100 angustias,

163 4131 223 4184 tum
238 4127 357 4199 propter
376 4117 499 4176 minutas
518 4128 549 4176 et
566 4113 697 4176 exoletas
716 4113 857 4184 literas‚a
875 4131 931 4184 me,
947 4132 1004 4171 nec
1016 4109 1113 4171 vitreis*
1126 4111 1187 4169 istis
1200 4107 1258 4168 Le·

164 4212 282 4270 miamm
297 4208 389 4270 oculis
400 4207 544 4279 adhibitis,
559 4207 686 4286 potuisse
699 4204 821 4285 perspici
836 4216 944 4264 etcum
962 4203 1107 4282 impressis
1121 4199 1257 4261 conferri.

165 4299 301 4362 Sed-cum
314 4298 385 4358 mihi
397 4299 558 4358 Luteciana
571 4297 660 4357 editio
675 4297 713 4357 de
731 4296 876 4356 sententia
889 4296 930 4354 D.
943 4293 1090 4354 Theodori
1100 4291 1255 4369 Zvvingeri,

165 4398 246 4468 cnjus
257 4391 369 4466 judicio
386 4391 540 4470 plurimum
565 4391 669 4462 tribuo,
689 4401 719 4449 et
732 4400 794 4460 tus,
808 4388 846 4446 mi
858 4387 1008 4467 Episcopi,
1021 4387 1104 4462 eujus
1115 4383 1256 4446 voluntati

163 4483 194 4542 in
208 4501 240 4541 re
253 4483 374 4543 honesta
391 4503 501 4543 morem
515 4501 618 4560 gerere
633 4493 663 4544 et
676 4481 772 4542 debeo
787 4490 818 4539 et
832 4479 928 4558 cupio,
942 4476 1129 4556 perlegenda,
1143 4497 1257 4556 grece

162 4573 460 4659 latini,Demosthenis
471 4575 685 4654 impressionem
693 4581 890 4652 prorogasset,
899 4570 948 4648 egi
958 4587 1025 4629 cum
1035 4569 1154 4654 egregie
1167 4571 1255 4632 docto

206 4681 282 4725 vor..
303 4683 326 4724 1.
724 4663 742 4720 k
1129 4669 1134 4676 '
