3150 5125
521 395 579 458 tl)
601 394 951 460 DEMOSTHENEM.
1216 401 1284 460 clxr
1353 455 1355 460 .

185 552 383 632 mans
395 551 498 632 prima,
513 553 687 625 Feliciones,
701 569 734 618 et
744 553 919 618 Manutiano
938 576 968 635 p.
981 559 1047 618 188.
1070 555 1285 634 castigationes

187 657 221 705 st
233 646 321 704 rames
334 645 476 706 lectiones
488 646 519 704 in
534 647 763 708 Demosthenem
776 670 830 729 per
841 649 1025 708 Vincentium
1039 648 1231 727 Obsopoeum,
1246 648 1285 708 ds

184 737 294 814 quibus
303 739 466 817 paulopost
480 739 606 799 dicetur.
623 757 654 818 p.
670 746 739 804 145.
749 743 837 802 uaris
856 742 997 803 lectiones
1017 741 1056 800 atl
1070 742 1158 801 Dem.
1169 759 1207 799 ex
1222 739 1285 798 edi·

185 828 271 888 tione
285 829 457 890 Feliciones.
479 851 509 910 p.
521 832 589 895 167.
620 833 722 892 Wollii
745 833 946 894 annotationes
960 835 999 893 ad
1013 832 1241 910 Demosthenem
1265 851 1284 892 a

145 977 151 982 .
185 921 294 982 codice
308 922 477 982 Lutetisno.
492 943 520 1002 p.
533 930 602 986 159.
615 944 703 1002 quam
722 925 842 1005 appello
846 927 1025 1004 farraginem
1043 925 1212 999 Wolfionom.
1226 943 1284 1002 qua

184 1013 372 1092 consignavit
385 1033 486 1075 omnes
506 1015 649 1076 lectiones
662 1017 710 1076 ed.
721 1017 823 1077 Lutet.
837 1037 856 1078 a
869 1037 921 1077 sua
935 1017 1144 1094 discrepantes,
1154 1032 1220 1074 cum
1240 1016 1283 1074 in·

182 1105 297 1183 apersis
310 1106 370 1166 suis
380 1107 555 1182 conjecturis
568 1107 651 1166 noris
661 1127 715 1166 seu
724 1110 800 1168 coris
812 1108 958 1169 secundis.
1001 1109 1130 1168 Diversae
1141 1106 1283 1168 lectiones

186 1197 302 1258 coutet·
316 1200 493 1279 tumeant.
513 1219 543 1278 p.
556 1203 624 1264 179.
647 1201 767 1260 sentos
786 1201 898 1260 coum
919 1200 1079 1278 nuptant
1100 1201 1231 1277 ejusden
1252 1221 1283 1280 p.
1343 1187 1348 1198 “

189 1295 261 1352 tes.
271 1291 360 1352 sarim
368 1293 514 1352 lectiones
525 1293 556 1352 in
565 1291 635 1351 Vita
645 1293 732 1352 Dcm.
744 1293 931 1352 aPlutarcho
945 1291 1054 1371 scripta
1063 1313 1093 1371 p.
1104 1297 1171 1356 199.
1183 1291 1283 1354 Wolfii

168 1393 304 1464 ‘ueteres
317 1384 506 1463 prefationes
520 1396 551 1444 et
564 1385 694 1444 carmina
706 1404 803 1463 graeca
822 1395 909 1464 atqua
922 1383 1022 1442 latins.
1065 1384 1124 1444 llic
1145 1395 1190 1444 est
1213 1405 1284 1446 oon·

187 1485 318 1554 spectus,
332 1476 399 1536 haec
419 1477 509 1536 series
529 1476 626 1555 operis
640 1476 786 1537 Wolliani.
800 1475 948 1535 videamus
961 1495 1039 1536 nunc
1053 1477 1091 1536 de
1112 1477 1284 1556 quibusdam

187 1565 296 1626 borum
308 1567 472 1627 libellorum
483 1569 614 1627 seorsim.
654 1569 782 1640 Primum
796 1567 834 1628 de
848 1567 1034 1646 dispositione
1049 1579 1136 1648 atque
1150 1569 1285 1630 distribu-

186 1659 271 1719 tione
291 1669 382 1720 orstt.¹
398 1661 484 1719 Dem.
503 1660 657 1720 Wolfiana.
699 1661 855 1722 Orationes
876 1661 1082 1722 Demosthenis
1104 1662 1134 1720 in
1154 1663 1284 1725 editions

187 1750 309 1822 Aldina)
318 1765 383 1810 una
400 1752 537 1812 continua
557 1752 641 1824 serie,
661 1752 724 1812 sine
745 1753 806 1812 ulla
827 1753 1029 1813 distributione
1050 1755 1079 1811 in
1102 1753 1219 1825 classes,
1240 1755 1283 1814 le·
1315 1801 1318 1812 .

185 1855 305 1923 guntur.
345 1845 460 1904 Primus
473 1847 565 1904 essin
578 1856 638 1904 tres
648 1857 744 1906 tomos
758 1865 811 1904 seu
822 1845 939 1916 classes,
951 1845 1097 1905 distribuit
1108 1845 1282 1920 Felicianus,

185 1955 276 2016 quens
289 1931 420 1996 imitatus
431 1950 477 1997 est
491 1937 598 1998 Paulus
613 1938 777 1998 Manutius.
800 1938 893 2017 prims
910 1939 1009 1997 classis
1030 1948 1112 1997 tenet
1127 1938 1282 2024 Olynthia·

185 2026 247 2102 os's,
261 2029 449 2110 Philippicas,
461 2031 615 2102 suasorios,
628 2031 778 2109 prooemia,
800 2040 831 2090 et
848 2031 922 2090 duas
945 2031 1163 2103 ostensionales,
1187 2032 1282 2110 operis
1300 2043 1308 2054 ·

185 2123 422 2201 appendiculam.
434 2124 582 2183 secundus
599 2135 696 2182 tomus
709 2133 793 2182 tenet
806 2123 934 2201 publicis·
942 2124 971 2182 in
984 2123 1079 2181 causis
1093 2123 1197 2196 dictas,
1210 2145 1282 2204 quas

185 2235 275 2293 supra
297 2216 618 2276 recensuimus.·tertis
638 2215 766 2292 reliquas
789 2233 897 2274 omnen
941 2214 1027 2273 Wolf
1046 2225 1144 2274 autem
1167 2217 1205 2274 ab
1226 2217 1283 2278 hac

184 2307 390 2368 distributione
402 2307 516 2366 duabus
528 2307 560 2365 in
572 2306 659 2366 rebus
671 2306 815 2376 discessit,
852 2306 882 2383 1)
894 2325 911 2366 e
925 2305 1037 2366 duabus
1056 2317 1157 2367 contra
1171 2307 1284 2367 AEscbi·

120 2451 125 2459 ,
185 2401 455 2478 comssationibus,
468 2419 535 2478 quaa
548 2399 577 2457 in
595 2399 664 2457 edd.
678 2399 821 2458 Bernardi
841 2410 872 2457 et
885 2399 969 2458 Pauli
988 2419 1053 2478 pars
1072 2398 1142 2458 torni
1160 2399 1283 2466 secundi

82 2529 95 2544 ,
186 2503 266 2564 sunt,
279 2503 392 2552 tornum
411 2491 599 2574 peculiarem,
617 2509 736 2550 numero
751 2491 910 2552 secundum
925 2491 1003 2563 fecit,
1022 2491 1128 2552 additis
1140 2493 1282 2558 AEschinis

187 2586 378 2657 mationibus,
393 2604 460 2664 qum
473 2596 570 2645 autem
583 2585 614 2643 in
629 2585 699 2644 edd.
709 2586 800 2646 Bern.
814 2597 844 2645 et
856 2586 940 2646 Pauli
953 2586 1063 2665 reliqua
1075 2588 1195 2647 secundi
1210 2588 1282 2649 tomi
1396 2658 1400 2665 ,

185 2679 348 2757 implebant
368 2678 525 2748 emtiones,
538 2688 573 2735 ut
586 2676 743 2756 Leptines,
757 2678 898 2749 Midiana,
911 2679 1033 2737 Androt.
1046 2678 1219 2739 Aristocrst.
1234 2680 1284 2740 Ti-

186 2781 311 2831 mocrat.
324 2770 514 2849 Aristogiton.
529 2769 587 2827 illis
598 2770 687 2829 Wolf
696 2771 812 2829 tertium
826 2782 937 2830 tomum
952 2790 1001 2829 seu
1017 2770 1140 2829 classem
1154 2772 1282 2850 assigna·

184 2865 236 2935 rit,
249 2884 308 2945 qno
320 2864 443 2935 factum,
464 2874 498 2923 ut
514 2882 579 2943 quas
597 2864 628 2922 in
642 2862 712 2924 edd.
727 2864 820 2924 Felic.
844 2876 875 2924 et
897 2864 931 2923 P.
948 2863 1074 2922 Manutii
1097 2874 1175 2922 esset
1197 2865 1284 2925 tertis

184 2961 294 3031 classis,
307 2980 343 3019 ea
352 2965 413 3035 J’am
422 2958 453 3017 in
463 2959 512 3018 ed.
524 2957 671 3017 Wolfiaua
684 2958 722 3017 sit
737 2969 850 3037 quarta.
894 2958 955 3017 Sed
970 2968 1000 3015 et
1014 2976 1050 3015 ex
1064 2958 1120 3015 hac
1134 2964 1284 3035 postrema

186 3053 290 3123 classe,
307 3072 374 3132 quse
388 3062 434 3112 est
451 3051 629 3130 privatarum
650 3070 829 3121 caussarum,
851 3060 911 3110 tres
926 3050 1073 3109 orationes
1087 3050 1175 3109 Wolf
1191 3062 1284 3112 trans·
1378 3042 1382 3057 ¹

186 3146 295 3205 tulitin
310 3145 433 3205 classem
447 3143 510 3204 aliis
530 3144 667 3213 medium,
682 3143 736 3203 sibi
749 3142 874 3213 tertiam,
890 3142 1033 3202 orationes
1046 3152 1118 3220 puta
1130 3142 1159 3199 in
1181 3142 1282 3203 Eubu-

188 3238 287 3310 lidem,
299 3240 331 3295 in
344 3238 549 3306 Theocrinem,
564 3247 596 3295 et
609 3237 639 3294 in
653 3236 801 3307 Neoeram,
816 3234 894 3313 qood
908 3254 958 3295 eas
978 3236 1121 3295 orationes
1136 3237 1282 3308 crederet,

173 3349 249 3400 ‚non
265 3329 400 3407 privatos,
418 3329 473 3388 sed
491 3328 621 3407 publicas
645 3346 748 3387 causas
767 3328 889 3405 agitare.
916 3329 948 3403 2)
960 3328 1055 3386 Tcmo
1076 3328 1170 3407 primo
1191 3330 1283 3388 admi·

188 3421 274 3490 scuit,
295 3432 412 3499 preter.
421 3420 560 3499 epistolas
582 3420 791 3481 Demosthenis
809 3430 838 3479 et
852 3421 1006 3489 AEschinh,
1021 3422 1108 3479 etiam
1123 3422 1283 3483 orationem

190 3513 333 3572 Dinarchi
346 3512 375 3570 in
387 3512 627 3572 Demosthenem.
666 3514 763 3573 'lomo
773 3510 911 3573 mcuudo'
919 3514 1079 3573 orationem
1097 3534 1151 3593 pro
1165 3536 1282 3589 corona,
1306 3582 1309 3589 ,

187 3604 294 3686 quaein
308 3604 372 3662 aliis
386 3603 519 3663 omnibus
534 3603 709 3664 editionibus
728 3606 879 3665 antecedit
898 3605 974 3663 illam
989 3606 1026 3665 de
1038 3605 1112 3665 falsa
1124 3607 1282 3686 legatione,

187 3696 257 3755 huic
282 3694 369 3754 Wolf
384 3724 388 3729 ·
401 3694 572 3773 postposuit.
627 3696 780 3775 Opuscula
806 3697 934 3775 quinque
960 3696 1018 3755 hoc
1044 3700 1175 3758 secundo
1203 3711 1283 3761 tomo

188 3788 336 3848 Wolliano
358 3786 498 3848 conclusa
516 3787 592 3847 istoc
614 3790 717 3849 ordine
737 3808 803 3849 sese
824 3804 1046 3868 consequuntur.
1101 3794 1283 3865 1)AEschinis

188 3898 231 3938 or.
244 3880 276 3938 in
288 3880 486 3940 Timarchum.
527 3879 559 3955 2)
571 3880 787 3940 Demosthenes
801 3882 838 3941 de
852 3882 925 3941 falsa
944 3884 1091 3961 legatione
1114 3886 1144 3944 in
1167 3886 1285 3945 AEscbi·

187 3988 284 4032 neme·
297 3972 329 4048 81
340 3972 438 4047 Hujus
452 3970 588 4031 adversus
601 3972 683 4031 illum
697 3992 784 4051 snper
794 3973 852 4035 hoc
864 3974 981 4035 crimine
990 3976 1135 4036 defensio.
1168 3978 1199 4049 4)
1211 3978 1285 4037 Rur·
1362 3976 1367 3985 '

188 4064 387 4139 susejusdsm
406 4064 498 4123 oratic
516 4065 547 4123 in
560 4064 796 4145 Ctesiphontem,
811 4078 842 4126 et
855 4086 1001 4128 coronam.
1017 4068 1135 4127 tandem
1176 4070 1207 4145 5)
1223 4070 1284 4129 De·

55 4157 62 4169 “
187 4156 348 4216 mosthenis
369 4174 412 4215 or.
434 4174 487 4234 pro
510 4155 712 4236 Ctesiphonte,
725 4178 788 4229 seu,
810 4160 888 4237 quod
908 4160 986 4219 idem
1010 4170 1064 4229 est,
1088 4179 1143 4237 pro
1165 4178 1283 4222 corona.

189 4248 402 4326 Tomo‘quarto
415 4249 560 4322 subjectns
581 4260 627 4309 est
646 4250 736 4311 index
755 4252 786 4309 in
807 4253 958 4312 Demosth.
973 4265 1003 4311 et
1016 4250 1196 4313 AEschinem.
1219 4254 1284 4313 Sin·

188 4340 250 4418 guli
263 4340 370 4419 quique
380 4341 450 4404 tomi
463 4342 521 4401 suis
532 4343 749 4421 prefationibus
764 4346 888 4425 propriis
902 4364 920 4403 s
934 4344 1041 4403 Wolfio
1054 4354 1122 4405 sunt
1141 4343 1284 4411 instructi.

190 4432 300 4497 Quinto
311 4433 415 4503 Temo,
428 4433 478 4511 qui
494 4434 654 4513 Ulpianum
669 4428 881 4516 complectitur,
897 4436 1014 4514 praelixa
1027 4436 1157 4512 prefatio
1178 4442 1285 4521 scripta

189 4524 311 4589 escit.
322 4524 436 4590 Martiis
458 4530 546 4588 1550.
561 4526 690 4589 clausola
709 4528 959 4607 interpretationis
973 4526 1070 4587 latinas
1087 4549 1116 4607 p.
1127 4537 1197 4595 ⁶243.
1218 4534 1284 4597 hac
1350 4598 1353 4609 ,
