3150 5125
321 460 323 465 ·
367 425 428 485 AD
450 424 570 487 SUUM
591 424 813 489 DEMOSTH.
836 427 1054 489 PRAEFATT.
1182 430 1251 492 xliii

170 582 235 661 mile
247 585 308 658 eJus
318 580 486 645 tuomum
498 580 633 662 requirat,
641 581 677 643 in
697 592 820 662 promtu
829 592 898 643 sunt
911 592 1023 663 'preter
1034 591 1151 654 cetera,
1164 583 1253 646 Cice-

169 675 248 738 ronis
260 684 291 735 et
299 676 468 742 Quintiliani
484 676 647 746 latinorum,
659 674 806 753 Plutarchi
818 694 853 735 ac
862 674 984 735 Luciaui
997 693 1159 754 grecorum
1171 676 1254 737 testi·

169 768 277 840 no'nia,
289 788 357 848 quaa
375 768 415 831 sd
427 766 586 829 secundum
602 767 692 827 nostri
713 766 819 827 laboris
831 766 955 832 Tomum
973 766 1190 838 reservavimus,
1202 766 1256 845 qni

171 860 292 939 Ulpiaari
309 860 514 929 sunnonem,
536 860 735 936 annotationes
753 859 823 919 item
842 869 955 919 noemae
968 858 999 918 in
1012 858 1179 921 obscuriora
1189 859 1256 921 loca

170 952 316 1025 etdubia,
330 967 458 1015 necnon
478 952 534 1013 alia
545 951 667 1011 fortasse
688 951 857 1022 continebit,
878 970 945 1029 quse
963 951 993 1011 in
1010 951 1055 1011 his
1074 950 1256 1029 paedagogia

171 1045 311 1106 molestiis
329 1056 361 1105 et
377 1044 589 1123 impedimentis
601 1045 642 1105 sic
655 1064 674 1103 a
686 1062 733 1103 me
753 1042 862 1103 absolvi
878 1062 937 1103 uon
954 1052 1121 1122 potuerunt,
1135 1052 1169 1101 ut
1180 1062 1257 1103 nunc

172 1138 341 1208 ederentur,
355 1156 516 1216 quanquam
530 1134 560 1195 id
574 1134 696 1197 maxime
706 1135 870 1195 voluissem.
909 1135 1014 1213 Neque
1030 1133 1099 1193 mibi
1117 1154 1197 1195 nunc
1208 1133 1257 1194 vel

172 1248 295 1300 morum,
309 1228 355 1289 uel
367 1228 548 1289 consiliorum
568 1230 632 1305 ejus
650 1225 850 1287 defensionem
871 1226 1083 1305 suscipiendae
1102 1244 1166 1285 esse
1187 1245 1257 1288 cen·

174 1338 246 1381 seor
267 1330 318 1379 aut
330 1340 397 1381 cum
411 1320 445 1379 iis
458 1320 620 1390 rixandum,
638 1318 689 1397 qui
705 1329 739 1377 ut
760 1319 865 1379 malurn
887 1318 978 1379 virum
997 1328 1030 1378 et
1048 1317 1141 1379 civem
1157 1317 1258 1397 porris

127 1424 130 1433 ’
174 1412 368 1491 mendosum
382 1413 470 1481 bunc,
484 1422 517 1473 ut
530 1420 562 1471 et
575 1410 755 1479 Ciceronem,
770 1408 929 1487 exagitem.
968 1407 1045 1472 Illud
1056 1418 1167 1469 tautum
1180 1408 1258 1478 dico,

174 1503 277 1581 siquis
290 1519 391 1563 eurum
404 1501 512 1580 scripte
520 1519 607 1581 aequo
619 1499 714 1559 animo
722 1488 803 1577 legdt
815 1510 846 1559 et
859 1498 1015 1578 expendet,
1023 1498 1183 1578 praesertim
1193 1516 1258 1559 ora·

177 1592 291 1653 tionem
300 1592 338 1655 de
347 1611 474 1653 coronas
496 1602 526 1651 ct
536 1590 665 1651 homines
678 1610 728 1651 eos
745 1590 845 1661 fuisse,
855 1610 914 1650 non
927 1590 1007 1664 deos,
1021 1590 1143 1668 cogitet,
1156 1608 1192 1650 ac
1204 1588 1260 1649 dii·

176 1684 311 1745 flcillimis
328 1684 504 1763 temporibus
526 1703 591 1743 erran
609 1682 798 1745 acerbissimis
818 1683 986 1745 edversariie
1009 1682 1209 1743 conflictatos:
1229 1680 1261 1742 iu

178 1796 279 1837 eorem
306 1776 364 1837 rita
391 1776 476 1837 etiam
503 1776 586 1854 plura
611 1774 765 1845 laudanda,
796 1793 884 1852 quam
908 1773 1105 1853 vituperanda,
1134 1772 1261 1852 reperiri.

178 1870 284 1927 Verum
301 1887 386 1947 quam
408 1869 500 1927 bonus
518 1876 570 1927 aut
590 1866 683 1928 malus
704 1868 746 1925 vir
764 1866 852 1927 fuerit
869 1866 1092 1935 Demosthenes,
1110 1865 1143 1926 id
1166 1864 1261 1927 Athe·
1325 1938 1328 1944 Ι

177 1960 318 2019 siendum
339 1960 405 2019 olim
427 1959 577 2023 interfuit:
602 1978 681 2021 nuno
702 1968 802 2021 nostra
822 1958 893 2021 nibil
914 1958 1044 2031 interest,
1065 1957 1115 2037 qui
1133 1976 1174 2018 ex
1197 1959 1263 2035 ejus

176 2052 345 2130 eloquentia
366 2052 527 2131 prudentie
552 2051 669 2111 dicendi
692 2050 818 2111 trucium
845 2050 1016 2128 colligimus.
1068 2050 1106 2109 In
1128 2068 1193 2128 quo·
1209 2067 1263 2126 ge·

166 2162 248 2218 ,uere
259 2143 330 2203 satis
342 2144 403 2221 ipse
416 2143 629 2205 Demosthenes
649 2160 715 2205 sese
733 2142 844 2211 laudat,
865 2140 891 2199 si
909 2142 1049 2201 lectorem
1060 2141 1264 2201 soeritnactus

177 2234 351 2313 prudentem
365 2242 396 2293 et
408 2242 560 2293 sumtum.
600 2234 669 2293 Fuit
682 2232 759 2293 euim
774 2244 805 2289 et
818 2248 922 2307 aquam
938 2230 1049 2301 bibere,
1063 2241 1094 2291 et
1111 2232 1150 2291 ad
1169 2232 1263 2291 lucer-

178 2342 245 2385 nam
264 2326 403 2401 scribere,
416 2334 447 2383 et
468 2324 500 2381 in
523 2324 643 2383 muntem
665 2332 783 2383 noctem
806 2320 1018 2382 lucubrationes
1041 2322 1213 2401 producere,
1233 2332 1265 2382 et

177 2417 353 2477 antelucana
366 2434 454 2493 opere
463 2412 582 2491 opifices
595 2422 776 2473 antevertere
788 2412 888 2473 solius
901 2414 1126 2475 Demosthenes.
1166 2417 1264 2483 Quare

180 2506 307 2568 sobrium
321 2492 408 2566 etiaui
428 2514 459 2566 et
470 2502 635 2581 &hulam
656 2504 803 2575 lectorem,
822 2522 881 2565 non
900 2506 1004 2577 minus,
1018 2525 1107 2584 quam
1123 2507 1265 2586 interpre-

181 2610 253 2669 tem,
277 2597 406 2676 requirit,
426 2596 473 2674 qui
494 2596 550 2656 rim
570 2597 733 2668 verborum,
755 2598 804 2675 qui
824 2598 956 2677 pondera
977 2601 1195 2672 sententiarum,
1215 2601 1266 2680 qui

181 2709 308 2752 acumen
327 2688 508 2760 inventionis,
522 2688 571 2766 qui
589 2700 825 2767 argumentorum
843 2687 957 2769 copiam
978 2703 1010 2751 et
1028 2691 1202 2764 violentiam,
1215 2693 1267 2771 qui

182 2781 382 2860 exemplemur
407 2780 588 2858 partuum,
616 2781 665 2859 qui
688 2781 853 2860 reipublicae
880 2783 1014 2859 gerendae
1035 2783 1195 2854 scientiam,
1215 2783 1266 2862 qui

178 2872 325 2934 dirimndi
357 2871 511 2941 solertiam,
535 2873 584 2950 qui
612 2873 809 2936 collocaberis
834 2873 995 2946 nudem,
1018 2875 1068 2954 qui
1093 2874 1267 2952 exquisitam
1378 2917 1383 2930 .

179 2964 397 3028 debilitudinem
415 2975 578 3026 nmtrorum
598 2975 769 3045 temporum,
784 2966 835 3044 qui
853 2983 992 3029 summam
1005 2967 1131 3045 denique
1149 2969 1199 3046 (ne
1219 2985 1267 3038 es,

179 3058 379 3140 queindnite
400 3069 477 3130 sunt,
501 3058 621 3120 infautia
644 3078 710 3120 mee
735 3069 859 3120 condor
878 3058 1024 3137 persequi)
1051 3057 1214 3124 cautionem
1234 3069 1266 3117 et

180 3152 376 3232 prudentiam,
390 3169 457 3212 curo
477 3151 539 3229 peri
559 3150 714 3212 autoriuate
733 3161 764 3212 et
783 3148 939 3212 serenate
958 3153 1152 3228 conjunctum,
1172 3148 1266 3211 consi·

183 3245 277 3313 deret.
292 3242 454 3322 perspiciet,
468 3242 644 3304 admiretur:
672 3247 849 3322 acquantum
862 3242 983 3320 quisque
995 3243 1103 3304 viribus
1114 3243 1222 3320 urgenti
1235 3253 1268 3302 et

186 3335 344 3412 diligentie
356 3325 483 3395 subsidio
493 3336 630 3414 consequi
640 3336 740 3416 possit,
750 3337 884 3398 imitetur.
925 3336 1013 3402 Quod
1025 3335 1050 3394 si
1062 3334 1269 3397 honestissimis

184 3429 248 3501 eius
261 3425 386 3485 consiliis
399 3428 446 3486 rel
465 3427 611 3487 bominum
632 3427 812 3506 peruersitas,
826 3429 873 3488 rel
890 3428 987 3490 suabe
1005 3427 1103 3507 eliqua
1121 3426 1268 3489 calamitas

182 3519 308 3590 obstitit,
323 3537 360 3578 ao
371 3519 505 3599 profecto
526 3519 641 3582 nombre
658 3521 907 3582 conuulneratione
920 3522 1035 3600 dignior
1053 3532 1107 3590 est,
1127 3537 1213 3599 quam
1225 3519 1269 3581 in·

184 3613 364 3672 mutuom
392 3623 423 3672 et
435 3612 478 3684 iis,
497 3613 545 3691 qui
561 3623 640 3672 tauto
661 3613 851 3693 sapientiores
871 3616 919 3674 illo
937 3615 1027 3674 videri
1038 3614 1149 3684 solunt,
1170 3613 1269 3675 elebo-

183 3703 315 3775 randum,
328 3714 361 3764 et
372 3704 445 3764 votis
459 3723 478 3764 a
490 3705 558 3764 Dae
572 3707 777 3782 exoptandum,
789 3718 823 3765 ut
835 3707 891 3767 sint
904 3727 940 3766 eo
953 3705 1165 3767 fortunatiores.
1207 3705 1269 3766 Sed

185 3808 220 3856 ut
231 3797 270 3857 sd
281 3817 343 3857 rem
356 3798 484 3868 redeam,
494 3798 542 3876 qui
555 3797 613 3868 illa,
628 3817 693 3876 quae
706 3800 848 3876 recensui,
861 3800 908 3859 rel
920 3799 951 3858 in
961 3817 1019 3858 una
1030 3797 1196 3876 praestiterit
1205 3815 1270 3857 ura·

185 3891 274 3962 tione,
289 3890 356 3954 huic
370 3891 487 3950 abunde
499 3891 636 3950 laudatas
649 3891 702 3950 erit
715 3892 939 3963 Demosthenes,
953 3891 1120 3962 domestico,
1139 3909 1198 3950 uon
1218 3889 1270 3951 ali·

187 4001 245 4041 eno
263 3982 417 4060 preconio.
459 3981 535 4042 Nem
555 3983 605 4042 ubi
624 3983 787 4044 testinmnia
806 4003 901 4042 rerum
920 3985 1035 4056 adsum,
1054 3984 1124 4062 quid
1137 4003 1211 4061 opus
1224 3989 1270 4042 est

186 4074 291 4135 rerbis.
331 4074 371 4132 Et
388 4075 454 4134 bec
471 4075 567 4135 omriis
584 4075 676 4135 multo
696 4087 783 4136 erunt
801 4077 979 4137 midentima
993 4089 1025 4136 et
1037 4075 1215 4155 expressiora
1227 4072 1270 4132 le·
1398 4134 1402 4140 ,
1526 4104 1529 4110 ·

186 4167 266 4246 genti
279 4186 386 4246 greca,
401 4167 430 4226 in
444 4167 546 4245 quibus
557 4167 655 4228 elucet
673 4169 776 4229 Attice
794 4170 845 4230 illa
856 4171 1025 4229 sinoeritas:
1052 4187 1138 4247 quam
1150 4183 1206 4224 nec
1219 4163 1269 4224 Ci-

187 4277 257 4319 cero
266 4258 449 4338 expresserit,
461 4260 569 4319 nedum
583 4260 668 4320 homo
682 4261 821 4340 quispiam
834 4262 1020 4322 semilatinns.
1054 4259 1141 4324 Quod
1152 4275 1221 4316 vero
1232 4256 1271 4316 ad
1334 4295 1342 4306 ·

188 4350 395 4410 sententiarum
407 4352 557 4411 reritmm
578 4363 609 4412 et
629 4371 796 4432 germanam
812 4339 1031 4434 intelligentiam
1050 4351 1163 4421 attinet,
1181 4348 1271 4412 fidem

189 4449 219 4499 et
238 4442 405 4503 indrustriom
425 4463 519 4503 meam
542 4464 628 4524 spero
646 4465 694 4506 me
712 4445 848 4510 'omnibus
868 4466 972 4526 grecae
991 4445 1146 4522 lnbaeqoe
1162 4443 1271 4524 liuguae

189 4531 287 4612 peritis
298 4535 493 4614 probaturum.
534 4539 621 4603 Quod
640 4539 665 4598 si
684 4539 731 4599 cui
753 4559 845 4618 genus
865 4538 1003 4600 credonis
1022 4537 1128 4599 alicubi
1147 4539 1271 4600 sterilius
