<?xml version="1.0" encoding="UTF-8"?>
<!DOCTYPE html PUBLIC "-//W3C//DTD XHTML 1.0 Transitional//EN"
    "http://www.w3.org/TR/xhtml1/DTD/xhtml1-transitional.dtd">
<html xmlns="http://www.w3.org/1999/xhtml" xml:lang="en" lang="en">
 <head>
  <title>
</title>
<meta http-equiv="Content-Type" content="text/html;charset=utf-8" />
  <meta name='ocr-system' content='tesseract 3.04.00' />
  <meta name='ocr-capabilities' content='ocr_page ocr_carea ocr_par ocr_line ocrx_word'/>
</head>
<body>
  <div class='ocr_page' id='page_1' title='image "./demosthenisetsc01dupogoog_0044.png"; bbox 0 0 3150 5125; ppageno 0'>
   <div class='ocr_carea' id='block_1_1' title="bbox 290 388 1119 455">
    <p class='ocr_par' dir='ltr' id='par_1_1' title="bbox 290 388 1119 455">
     <span class='ocr_line' id='line_1_1' title="bbox 290 388 1119 455; baseline -0.008 0"><span class='ocrx_word' id='word_1_1' title='bbox 290 392 351 455; x_wconf 82' lang='lat' dir='ltr'><strong>xliv</strong></span> <span class='ocrx_word' id='word_1_2' title='bbox 614 388 863 455; x_wconf 72' lang='lat' dir='ltr'><strong>ffluaourrss</strong></span> <span class='ocrx_word' id='word_1_3' title='bbox 883 390 1037 455; x_wconf 78' lang='lat' dir='ltr'><strong>wonm</strong></span> <span class='ocrx_word' id='word_1_4' title='bbox 1112 440 1119 448; x_wconf 93' lang='lat'>.</span> 
     </span>
    </p>
   </div>
   <div class='ocr_carea' id='block_1_2' title="bbox 224 543 1377 2551">
    <p class='ocr_par' dir='ltr' id='par_1_2' title="bbox 224 543 1377 2551">
     <span class='ocr_line' id='line_1_2' title="bbox 290 543 1370 626; baseline 0 -24"><span class='ocrx_word' id='word_1_5' title='bbox 290 552 400 625; x_wconf 68' lang='lat' dir='ltr'><strong>potesta</strong></span> <span class='ocrx_word' id='word_1_6' title='bbox 414 543 1030 626; x_wconf 74' lang='lat' dir='ltr'><strong>egoquidemnequsquemidmihlasrogo:</strong></span> <span class='ocrx_word' id='word_1_7' title='bbox 1043 543 1370 623; x_wconf 79' lang='lat' dir='ltr'><strong>sedquon&#39;earemcnm</strong></span> 
     </span>
     <span class='ocr_line' id='line_1_3' title="bbox 289 631 1372 718; baseline -0.001 -22"><span class='ocrx_word' id='word_1_8' title='bbox 289 656 322 697; x_wconf 90' lang='lat' dir='ltr'><strong>re</strong></span> <span class='ocrx_word' id='word_1_9' title='bbox 342 636 471 707; x_wconf 82' lang='lat' dir='ltr'><strong>consero,</strong></span> <span class='ocrx_word' id='word_1_10' title='bbox 493 648 523 695; x_wconf 90' lang='lat' dir='ltr'><strong>et</strong></span> <span class='ocrx_word' id='word_1_11' title='bbox 536 636 631 697; x_wconf 89' lang='lat' dir='ltr'><strong>enimo</strong></span> <span class='ocrx_word' id='word_1_12' title='bbox 651 656 718 698; x_wconf 90' lang='lat' dir='ltr'><strong>meo</strong></span> <span class='ocrx_word' id='word_1_13' title='bbox 731 640 891 718; x_wconf 73' lang='lat' dir='ltr'>perpendo,</span> <span class='ocrx_word' id='word_1_14' title='bbox 909 650 1023 699; x_wconf 89' lang='lat' dir='ltr'><strong>tantum</strong></span> <span class='ocrx_word' id='word_1_15' title='bbox 1039 632 1180 697; x_wconf 73' lang='lat' dir='ltr'><strong>interesse</strong></span> <span class='ocrx_word' id='word_1_16' title='bbox 1191 631 1277 694; x_wconf 81' lang='lat' dir='ltr'><strong>video</strong></span> <span class='ocrx_word' id='word_1_17' title='bbox 1296 636 1372 695; x_wconf 81' lang='lat' dir='ltr'><strong>inter</strong></span> 
     </span>
     <span class='ocr_line' id='line_1_4' title="bbox 291 713 1372 810; baseline -0.005 -21"><span class='ocrx_word' id='word_1_18' title='bbox 291 746 386 789; x_wconf 84' lang='lat' dir='ltr'><strong>meam</strong></span> <span class='ocrx_word' id='word_1_19' title='bbox 397 738 427 787; x_wconf 91' lang='lat' dir='ltr'><strong>et</strong></span> <span class='ocrx_word' id='word_1_20' title='bbox 437 728 693 789; x_wconf 69' lang='lat' dir='ltr'><strong>Demosthenicum</strong></span> <span class='ocrx_word' id='word_1_21' title='bbox 707 731 871 802; x_wconf 77' lang='lat' dir='ltr'><strong>credonem,</strong></span> <span class='ocrx_word' id='word_1_22' title='bbox 882 742 1022 810; x_wconf 74' lang='lat' dir='ltr'><strong>quantum</strong></span> <span class='ocrx_word' id='word_1_23' title='bbox 1034 713 1163 788; x_wconf 73' lang='lat' dir='ltr'><strong>neltuit</strong></span> <span class='ocrx_word' id='word_1_24' title='bbox 1175 726 1250 786; x_wconf 88' lang='lat' dir='ltr'><strong>inter</strong></span> <span class='ocrx_word' id='word_1_25' title='bbox 1259 726 1372 785; x_wconf 89' lang='lat' dir='ltr'><strong>Demo·</strong></span> 
     </span>
     <span class='ocr_line' id='line_1_5' title="bbox 290 818 1373 895; baseline -0.004 -15"><span class='ocrx_word' id='word_1_26' title='bbox 290 820 424 880; x_wconf 87' lang='lat' dir='ltr'><strong>sthenem</strong></span> <span class='ocrx_word' id='word_1_27' title='bbox 442 818 588 879; x_wconf 79' lang='lat' dir='ltr'><strong>dicentem</strong></span> <span class='ocrx_word' id='word_1_28' title='bbox 598 831 629 881; x_wconf 88' lang='lat' dir='ltr'><strong>et</strong></span> <span class='ocrx_word' id='word_1_29' title='bbox 641 820 824 894; x_wconf 73' lang='lat' dir='ltr'><strong>scribentem,</strong></span> <span class='ocrx_word' id='word_1_30' title='bbox 837 822 895 883; x_wconf 90' lang='lat' dir='ltr'><strong>hoc</strong></span> <span class='ocrx_word' id='word_1_31' title='bbox 907 834 963 895; x_wconf 88' lang='lat' dir='ltr'><strong>est,</strong></span> <span class='ocrx_word' id='word_1_32' title='bbox 975 822 1052 881; x_wconf 83' lang='lat' dir='ltr'><strong>inter</strong></span> <span class='ocrx_word' id='word_1_33' title='bbox 1063 820 1207 880; x_wconf 84' lang='lat' dir='ltr'><strong>viventem</strong></span> <span class='ocrx_word' id='word_1_34' title='bbox 1218 831 1251 879; x_wconf 89' lang='lat' dir='ltr'><strong>et</strong></span> <span class='ocrx_word' id='word_1_35' title='bbox 1262 828 1373 877; x_wconf 83' lang='lat' dir='ltr'><strong>mortn-</strong></span> 
     </span>
     <span class='ocr_line' id='line_1_6' title="bbox 291 910 1373 989; baseline 0 -18"><span class='ocrx_word' id='word_1_36' title='bbox 291 930 352 971; x_wconf 85' lang='lat' dir='ltr'><strong>nm.</strong></span> <span class='ocrx_word' id='word_1_37' title='bbox 392 910 498 989; x_wconf 85' lang='lat' dir='ltr'><strong>Neque</strong></span> <span class='ocrx_word' id='word_1_38' title='bbox 512 910 587 971; x_wconf 85' lang='lat' dir='ltr'><strong>enim</strong></span> <span class='ocrx_word' id='word_1_39' title='bbox 599 911 717 973; x_wconf 89' lang='lat' dir='ltr'><strong>dubium</strong></span> <span class='ocrx_word' id='word_1_40' title='bbox 734 932 799 973; x_wconf 87' lang='lat' dir='ltr'><strong>esse</strong></span> <span class='ocrx_word' id='word_1_41' title='bbox 809 915 907 986; x_wconf 89' lang='lat' dir='ltr'><strong>debet,</strong></span> <span class='ocrx_word' id='word_1_42' title='bbox 921 913 1085 975; x_wconf 72' lang='lat' dir='ltr'><strong>mississe</strong></span> <span class='ocrx_word' id='word_1_43' title='bbox 1097 930 1156 971; x_wconf 90' lang='lat' dir='ltr'><strong>non</strong></span> <span class='ocrx_word' id='word_1_44' title='bbox 1168 911 1256 983; x_wconf 84' lang='lat' dir='ltr'><strong>modo</strong></span> <span class='ocrx_word' id='word_1_45' title='bbox 1267 910 1373 971; x_wconf 81' lang='lat' dir='ltr'><strong>dexte·</strong></span> 
     </span>
     <span class='ocr_line' id='line_1_7' title="bbox 291 1001 1371 1075; baseline 0.002 -14"><span class='ocrx_word' id='word_1_46' title='bbox 291 1002 405 1065; x_wconf 89' lang='lat' dir='ltr'><strong>ritatem</strong></span> <span class='ocrx_word' id='word_1_47' title='bbox 425 1012 455 1061; x_wconf 92' lang='lat' dir='ltr'><strong>et</strong></span> <span class='ocrx_word' id='word_1_48' title='bbox 472 1014 574 1075; x_wconf 76' lang='lat' dir='ltr'><strong>amem,</strong></span> <span class='ocrx_word' id='word_1_49' title='bbox 591 1005 645 1064; x_wconf 88' lang='lat' dir='ltr'><strong>sed</strong></span> <span class='ocrx_word' id='word_1_50' title='bbox 661 1006 831 1066; x_wconf 74' lang='lat' dir='ltr'><strong>suavitatem</strong></span> <span class='ocrx_word' id='word_1_51' title='bbox 850 1007 936 1067; x_wconf 89' lang='lat' dir='ltr'><strong>etium</strong></span> <span class='ocrx_word' id='word_1_52' title='bbox 949 1016 980 1067; x_wconf 88' lang='lat' dir='ltr'><strong>et</strong></span> <span class='ocrx_word' id='word_1_53' title='bbox 990 1003 1210 1075; x_wconf 81' lang='lat' dir='ltr'><strong>vehementium,</strong></span> <span class='ocrx_word' id='word_1_54' title='bbox 1223 1020 1289 1062; x_wconf 89' lang='lat' dir='ltr'><strong>eam</strong></span> <span class='ocrx_word' id='word_1_55' title='bbox 1301 1001 1371 1072; x_wconf 80' lang='lat' dir='ltr'><strong>vim,</strong></span> 
     </span>
     <span class='ocr_line' id='line_1_8' title="bbox 290 1090 1373 1176; baseline -0.003 -22"><span class='ocrx_word' id='word_1_56' title='bbox 290 1113 358 1154; x_wconf 87' lang='lat' dir='ltr'><strong>eum</strong></span> <span class='ocrx_word' id='word_1_57' title='bbox 367 1095 506 1174; x_wconf 84' lang='lat' dir='ltr'><strong>impetum</strong></span> <span class='ocrx_word' id='word_1_58' title='bbox 517 1096 636 1155; x_wconf 88' lang='lat' dir='ltr'><strong>aetionis</strong></span> <span class='ocrx_word' id='word_1_59' title='bbox 647 1107 678 1156; x_wconf 91' lang='lat' dir='ltr'><strong>et</strong></span> <span class='ocrx_word' id='word_1_60' title='bbox 686 1096 931 1176; x_wconf 83' lang='lat' dir='ltr'><strong>pronunciationis</strong></span> <span class='ocrx_word' id='word_1_61' title='bbox 937 1096 1180 1166; x_wconf 72' lang='lat' dir='ltr'><strong>Demosthenicas,</strong></span> <span class='ocrx_word' id='word_1_62' title='bbox 1191 1105 1225 1153; x_wconf 90' lang='lat' dir='ltr'><strong>ut</strong></span> <span class='ocrx_word' id='word_1_63' title='bbox 1236 1112 1293 1153; x_wconf 88' lang='lat' dir='ltr'><strong>nec</strong></span> <span class='ocrx_word' id='word_1_64' title='bbox 1306 1090 1373 1151; x_wconf 85' lang='lat' dir='ltr'><strong>ullis</strong></span> 
     </span>
     <span class='ocr_line' id='line_1_9' title="bbox 293 1184 1374 1269; baseline -0.007 -21"><span class='ocrx_word' id='word_1_65' title='bbox 293 1187 500 1267; x_wconf 83' lang='lat' dir='ltr'><strong>comprehendi</strong></span> <span class='ocrx_word' id='word_1_66' title='bbox 512 1188 610 1261; x_wconf 86' lang='lat' dir='ltr'><strong>literis,</strong></span> <span class='ocrx_word' id='word_1_67' title='bbox 630 1207 686 1249; x_wconf 90' lang='lat' dir='ltr'><strong>nec</strong></span> <span class='ocrx_word' id='word_1_68' title='bbox 704 1210 722 1250; x_wconf 91' lang='lat' dir='ltr'><strong>a</strong></span> <span class='ocrx_word' id='word_1_69' title='bbox 741 1190 833 1261; x_wconf 91' lang='lat' dir='ltr'><strong>nobis,</strong></span> <span class='ocrx_word' id='word_1_70' title='bbox 852 1191 882 1249; x_wconf 91' lang='lat' dir='ltr'><strong>in</strong></span> <span class='ocrx_word' id='word_1_71' title='bbox 900 1192 955 1250; x_wconf 89' lang='lat' dir='ltr'><strong>hac</strong></span> <span class='ocrx_word' id='word_1_72' title='bbox 969 1192 1206 1269; x_wconf 70' lang='lat' dir='ltr'><strong>(quaemcunque</strong></span> <span class='ocrx_word' id='word_1_73' title='bbox 1217 1184 1306 1260; x_wconf 76' lang='lat' dir='ltr'><strong>uulgo</strong></span> <span class='ocrx_word' id='word_1_74' title='bbox 1319 1200 1374 1262; x_wconf 90' lang='lat' dir='ltr'><strong>pn·</strong></span> 
     </span>
     <span class='ocr_line' id='line_1_10' title="bbox 292 1274 1374 1359; baseline -0.005 -21"><span class='ocrx_word' id='word_1_75' title='bbox 292 1278 383 1353; x_wconf 84' lang='lat' dir='ltr'><strong>tetur)</strong></span> <span class='ocrx_word' id='word_1_76' title='bbox 394 1280 567 1359; x_wconf 77' lang='lat' dir='ltr'><strong>eloquentie</strong></span> <span class='ocrx_word' id='word_1_77' title='bbox 587 1282 718 1342; x_wconf 74' lang='lat' dir='ltr'><strong>nosnatis</strong></span> <span class='ocrx_word' id='word_1_78' title='bbox 735 1283 879 1353; x_wconf 90' lang='lat' dir='ltr'><strong>barbarie,</strong></span> <span class='ocrx_word' id='word_1_79' title='bbox 898 1283 945 1341; x_wconf 84' lang='lat' dir='ltr'><strong>rel</strong></span> <span class='ocrx_word' id='word_1_80' title='bbox 964 1280 1098 1358; x_wconf 74' lang='lat' dir='ltr'><strong>intelligi,</strong></span> <span class='ocrx_word' id='word_1_81' title='bbox 1110 1274 1292 1354; x_wconf 72' lang='lat' dir='ltr'><strong>rel&#39;cogitnri</strong></span> <span class='ocrx_word' id='word_1_82' title='bbox 1303 1274 1374 1334; x_wconf 86' lang='lat' dir='ltr'><strong>satis</strong></span> 
     </span>
     <span class='ocr_line' id='line_1_11' title="bbox 292 1365 1375 1453; baseline -0.004 -22"><span class='ocrx_word' id='word_1_83' title='bbox 292 1370 330 1431; x_wconf 87' lang='lat' dir='ltr'><strong>ab</strong></span> <span class='ocrx_word' id='word_1_84' title='bbox 343 1371 403 1430; x_wconf 90' lang='lat' dir='ltr'><strong>ullo</strong></span> <span class='ocrx_word' id='word_1_85' title='bbox 415 1373 513 1450; x_wconf 90' lang='lat' dir='ltr'><strong>possit.</strong></span> <span class='ocrx_word' id='word_1_86' title='bbox 555 1372 623 1432; x_wconf 84' lang='lat' dir='ltr'><strong>Hoc</strong></span> <span class='ocrx_word' id='word_1_87' title='bbox 635 1384 757 1433; x_wconf 89' lang='lat' dir='ltr'><strong>testatus</strong></span> <span class='ocrx_word' id='word_1_88' title='bbox 777 1387 823 1435; x_wconf 87' lang='lat' dir='ltr'><strong>est</strong></span> <span class='ocrx_word' id='word_1_89' title='bbox 840 1375 903 1453; x_wconf 85' lang='lat' dir='ltr'><strong>ipse</strong></span> <span class='ocrx_word' id='word_1_90' title='bbox 922 1374 1008 1433; x_wconf 88' lang='lat' dir='ltr'><strong>etiam</strong></span> <span class='ocrx_word' id='word_1_91' title='bbox 1025 1369 1250 1431; x_wconf 85' lang='lat' dir='ltr'><strong>Demosthenes.</strong></span> <span class='ocrx_word' id='word_1_92' title='bbox 1262 1365 1375 1445; x_wconf 84' lang='lat' dir='ltr'><strong>quade</strong></span> 
     </span>
     <span class='ocr_line' id='line_1_12' title="bbox 224 1458 1377 1545; baseline -0.004 -24"><span class='ocrx_word' id='word_1_93' title='bbox 224 1478 227 1485; x_wconf 78' lang='grc'>’</span> <span class='ocrx_word' id='word_1_94' title='bbox 293 1480 326 1521; x_wconf 91' lang='lat' dir='ltr'><strong>re</strong></span> <span class='ocrx_word' id='word_1_95' title='bbox 340 1472 459 1541; x_wconf 77' lang='lat' dir='ltr'><strong>prestet</strong></span> <span class='ocrx_word' id='word_1_96' title='bbox 476 1463 576 1523; x_wconf 85' lang='lat' dir='ltr'><strong>audire</strong></span> <span class='ocrx_word' id='word_1_97' title='bbox 589 1464 771 1540; x_wconf 83' lang='lat' dir='ltr'><strong>Ciceronem,</strong></span> <span class='ocrx_word' id='word_1_98' title='bbox 786 1465 836 1545; x_wconf 89' lang='lat' dir='ltr'><strong>qui</strong></span> <span class='ocrx_word' id='word_1_99' title='bbox 848 1464 1035 1545; x_wconf 69' lang='lat' dir='ltr'><strong>preceptioni</strong></span> <span class='ocrx_word' id='word_1_100' title='bbox 1048 1460 1158 1531; x_wconf 88' lang='lat' dir='ltr'><strong>decori,</strong></span> <span class='ocrx_word' id='word_1_101' title='bbox 1170 1461 1244 1519; x_wconf 90' lang='lat' dir='ltr'><strong>libro</strong></span> <span class='ocrx_word' id='word_1_102' title='bbox 1258 1458 1296 1517; x_wconf 87' lang='lat' dir='ltr'><strong>de</strong></span> <span class='ocrx_word' id='word_1_103' title='bbox 1309 1476 1377 1517; x_wconf 87' lang='lat' dir='ltr'><strong>osa-</strong></span> 
     </span>
     <span class='ocr_line' id='line_1_13' title="bbox 292 1548 1375 1633; baseline -0.002 -22"><span class='ocrx_word' id='word_1_104' title='bbox 292 1562 357 1611; x_wconf 83' lang='lat' dir='ltr'><strong>ture</strong></span> <span class='ocrx_word' id='word_1_105' title='bbox 367 1553 464 1624; x_wconf 90' lang='lat' dir='ltr'><strong>tertio,</strong></span> <span class='ocrx_word' id='word_1_106' title='bbox 476 1553 540 1612; x_wconf 81' lang='lat' dir='ltr'><strong>haee</strong></span> <span class='ocrx_word' id='word_1_107' title='bbox 550 1556 638 1614; x_wconf 84' lang='lat' dir='ltr'><strong>verba</strong></span> <span class='ocrx_word' id='word_1_108' title='bbox 651 1556 785 1633; x_wconf 89' lang='lat' dir='ltr'><strong>subjicit:</strong></span> <span class='ocrx_word' id='word_1_109' title='bbox 802 1556 862 1615; x_wconf 85' lang='lat' dir='ltr'><strong>Sed</strong></span> <span class='ocrx_word' id='word_1_110' title='bbox 874 1556 938 1613; x_wconf 80' lang='lat' dir='ltr'><strong>hoec</strong></span> <span class='ocrx_word' id='word_1_111' title='bbox 951 1551 1136 1633; x_wconf 76' lang='lat' dir='ltr'><strong>ipsa(mquit)</strong></span> <span class='ocrx_word' id='word_1_112' title='bbox 1150 1550 1245 1611; x_wconf 90' lang='lat' dir='ltr'><strong>omnia</strong></span> <span class='ocrx_word' id='word_1_113' title='bbox 1254 1548 1375 1629; x_wconf 81' lang='lat' dir='ltr'><strong>perinde</strong></span> 
     </span>
     <span class='ocr_line' id='line_1_14' title="bbox 293 1640 1374 1722; baseline -0.002 -20"><span class='ocrx_word' id='word_1_114' title='bbox 293 1655 371 1714; x_wconf 87' lang='lat' dir='ltr'><strong>sunt,</strong></span> <span class='ocrx_word' id='word_1_115' title='bbox 393 1654 426 1703; x_wconf 90' lang='lat' dir='ltr'><strong>ut</strong></span> <span class='ocrx_word' id='word_1_116' title='bbox 439 1657 583 1722; x_wconf 74' lang='lat' dir='ltr'><strong>aguntur:</strong></span> <span class='ocrx_word' id='word_1_117' title='bbox 603 1646 690 1715; x_wconf 88' lang='lat' dir='ltr'><strong>actio,</strong></span> <span class='ocrx_word' id='word_1_118' title='bbox 708 1647 836 1722; x_wconf 88' lang='lat' dir='ltr'><strong>inquam,</strong></span> <span class='ocrx_word' id='word_1_119' title='bbox 854 1647 884 1703; x_wconf 89' lang='lat' dir='ltr'><strong>in</strong></span> <span class='ocrx_word' id='word_1_120' title='bbox 903 1645 1029 1705; x_wconf 90' lang='lat' dir='ltr'><strong>dicendo</strong></span> <span class='ocrx_word' id='word_1_121' title='bbox 1045 1663 1104 1704; x_wconf 91' lang='lat' dir='ltr'><strong>una</strong></span> <span class='ocrx_word' id='word_1_122' title='bbox 1123 1641 1294 1711; x_wconf 86' lang='lat' dir='ltr'><strong>dominetur,</strong></span> <span class='ocrx_word' id='word_1_123' title='bbox 1312 1640 1374 1700; x_wconf 88' lang='lat' dir='ltr'><strong>sine</strong></span> 
     </span>
     <span class='ocr_line' id='line_1_15' title="bbox 292 1732 1375 1815; baseline -0.002 -21"><span class='ocrx_word' id='word_1_124' title='bbox 292 1734 350 1794; x_wconf 89' lang='lat' dir='ltr'><strong>hac</strong></span> <span class='ocrx_word' id='word_1_125' title='bbox 372 1752 499 1795; x_wconf 87' lang='lat' dir='ltr'><strong>summus</strong></span> <span class='ocrx_word' id='word_1_126' title='bbox 522 1748 619 1796; x_wconf 85' lang='lat' dir='ltr'><strong>orator</strong></span> <span class='ocrx_word' id='word_1_127' title='bbox 640 1754 704 1795; x_wconf 85' lang='lat' dir='ltr'><strong>esse</strong></span> <span class='ocrx_word' id='word_1_128' title='bbox 723 1735 754 1793; x_wconf 91' lang='lat' dir='ltr'><strong>iu</strong></span> <span class='ocrx_word' id='word_1_129' title='bbox 774 1736 894 1795; x_wconf 85' lang='lat' dir='ltr'><strong>numero</strong></span> <span class='ocrx_word' id='word_1_130' title='bbox 914 1736 994 1795; x_wconf 90' lang='lat' dir='ltr'><strong>nullo</strong></span> <span class='ocrx_word' id='word_1_131' title='bbox 1016 1746 1129 1815; x_wconf 82' lang='lat' dir='ltr'><strong>potest:</strong></span> <span class='ocrx_word' id='word_1_132' title='bbox 1149 1732 1305 1793; x_wconf 87' lang='lat' dir='ltr'><strong>mediocris</strong></span> <span class='ocrx_word' id='word_1_133' title='bbox 1317 1732 1375 1793; x_wconf 82' lang='lat' dir='ltr'><strong>hac</strong></span> 
     </span>
     <span class='ocr_line' id='line_1_16' title="bbox 292 1824 1376 1905; baseline -0.001 -21"><span class='ocrx_word' id='word_1_134' title='bbox 292 1826 457 1899; x_wconf 82' lang='lat' dir='ltr'><strong>instmctus,</strong></span> <span class='ocrx_word' id='word_1_135' title='bbox 480 1846 606 1887; x_wconf 90' lang='lat' dir='ltr'><strong>summos</strong></span> <span class='ocrx_word' id='word_1_136' title='bbox 628 1844 704 1905; x_wconf 85' lang='lat' dir='ltr'><strong>ssepe</strong></span> <span class='ocrx_word' id='word_1_137' title='bbox 723 1844 869 1905; x_wconf 85' lang='lat' dir='ltr'><strong>superare.</strong></span> <span class='ocrx_word' id='word_1_138' title='bbox 911 1826 992 1887; x_wconf 89' lang='lat' dir='ltr'><strong>Huic</strong></span> <span class='ocrx_word' id='word_1_139' title='bbox 1010 1828 1117 1905; x_wconf 88' lang='lat' dir='ltr'><strong>primas</strong></span> <span class='ocrx_word' id='word_1_140' title='bbox 1136 1824 1251 1902; x_wconf 86' lang='lat' dir='ltr'><strong>dedisse</strong></span> <span class='ocrx_word' id='word_1_141' title='bbox 1264 1824 1376 1883; x_wconf 85' lang='lat' dir='ltr'><strong>Demo-</strong></span> 
     </span>
     <span class='ocr_line' id='line_1_17' title="bbox 293 1916 1373 1998; baseline -0.002 -21"><span class='ocrx_word' id='word_1_142' title='bbox 293 1916 412 1977; x_wconf 91' lang='lat' dir='ltr'><strong>sthenes</strong></span> <span class='ocrx_word' id='word_1_143' title='bbox 426 1918 541 1990; x_wconf 89' lang='lat' dir='ltr'><strong>dicitur,</strong></span> <span class='ocrx_word' id='word_1_144' title='bbox 555 1937 643 1997; x_wconf 89' lang='lat' dir='ltr'><strong>quum</strong></span> <span class='ocrx_word' id='word_1_145' title='bbox 664 1928 824 1996; x_wconf 81' lang='lat' dir='ltr'><strong>rogaretur,</strong></span> <span class='ocrx_word' id='word_1_146' title='bbox 843 1919 914 1998; x_wconf 87' lang='lat' dir='ltr'><strong>quid</strong></span> <span class='ocrx_word' id='word_1_147' title='bbox 933 1918 965 1977; x_wconf 89' lang='lat' dir='ltr'><strong>in</strong></span> <span class='ocrx_word' id='word_1_148' title='bbox 988 1918 1113 1978; x_wconf 89' lang='lat' dir='ltr'><strong>dicendo</strong></span> <span class='ocrx_word' id='word_1_149' title='bbox 1139 1926 1216 1977; x_wconf 89' lang='lat' dir='ltr'><strong>esset</strong></span> <span class='ocrx_word' id='word_1_150' title='bbox 1240 1916 1373 1995; x_wconf 85' lang='lat' dir='ltr'><strong>primum,</strong></span> 
     </span>
     <span class='ocr_line' id='line_1_18' title="bbox 294 2004 1373 2085; baseline -0.003 -16"><span class='ocrx_word' id='word_1_151' title='bbox 294 2010 363 2071; x_wconf 89' lang='lat' dir='ltr'><strong>huic</strong></span> <span class='ocrx_word' id='word_1_152' title='bbox 381 2011 536 2085; x_wconf 85' lang='lat' dir='ltr'><strong>secundas,</strong></span> <span class='ocrx_word' id='word_1_153' title='bbox 556 2011 623 2069; x_wconf 91' lang='lat' dir='ltr'><strong>huic</strong></span> <span class='ocrx_word' id='word_1_154' title='bbox 643 2010 750 2071; x_wconf 85' lang='lat' dir='ltr'><strong>tertias.</strong></span> <span class='ocrx_word' id='word_1_155' title='bbox 791 2013 858 2077; x_wconf 84' lang='lat' dir='ltr'><strong>Quo</strong></span> <span class='ocrx_word' id='word_1_156' title='bbox 871 2010 940 2071; x_wconf 88' lang='lat' dir='ltr'><strong>mihi</strong></span> <span class='ocrx_word' id='word_1_157' title='bbox 952 2011 1053 2071; x_wconf 87' lang='lat' dir='ltr'><strong>melius</strong></span> <span class='ocrx_word' id='word_1_158' title='bbox 1073 2011 1162 2072; x_wconf 86' lang='lat' dir='ltr'><strong>eliam</strong></span> <span class='ocrx_word' id='word_1_159' title='bbox 1181 2008 1252 2068; x_wconf 90' lang='lat' dir='ltr'><strong>illud</strong></span> <span class='ocrx_word' id='word_1_160' title='bbox 1267 2010 1305 2068; x_wconf 88' lang='lat' dir='ltr'><strong>ab</strong></span> <span class='ocrx_word' id='word_1_161' title='bbox 1319 2004 1373 2067; x_wconf 81' lang='lat' dir='ltr'><strong>AE·</strong></span> 
     </span>
     <span class='ocr_line' id='line_1_19' title="bbox 295 2100 1376 2184; baseline -0.003 -22"><span class='ocrx_word' id='word_1_162' title='bbox 295 2105 396 2165; x_wconf 86' lang='lat' dir='ltr'><strong>schino</strong></span> <span class='ocrx_word' id='word_1_163' title='bbox 420 2105 531 2165; x_wconf 86' lang='lat' dir='ltr'><strong>dictum</strong></span> <span class='ocrx_word' id='word_1_164' title='bbox 550 2102 640 2165; x_wconf 82' lang='lat' dir='ltr'><strong>videri</strong></span> <span class='ocrx_word' id='word_1_165' title='bbox 658 2103 743 2174; x_wconf 90' lang='lat' dir='ltr'><strong>solet,</strong></span> <span class='ocrx_word' id='word_1_166' title='bbox 758 2103 818 2182; x_wconf 89' lang='lat' dir='ltr'><strong>qni,</strong></span> <span class='ocrx_word' id='word_1_167' title='bbox 830 2124 919 2182; x_wconf 90' lang='lat' dir='ltr'><strong>quum</strong></span> <span class='ocrx_word' id='word_1_168' title='bbox 940 2114 1057 2184; x_wconf 85' lang='lat' dir='ltr'><strong>propter</strong></span> <span class='ocrx_word' id='word_1_169' title='bbox 1076 2102 1260 2182; x_wconf 81' lang='lat' dir='ltr'><strong>ignominiam</strong></span> <span class='ocrx_word' id='word_1_170' title='bbox 1272 2100 1376 2176; x_wconf 87' lang='lat' dir='ltr'><strong>judieii</strong></span> 
     </span>
     <span class='ocr_line' id='line_1_20' title="bbox 294 2194 1374 2275; baseline -0.003 -20"><span class='ocrx_word' id='word_1_171' title='bbox 294 2198 428 2266; x_wconf 85' lang='lat' dir='ltr'><strong>cessisset</strong></span> <span class='ocrx_word' id='word_1_172' title='bbox 441 2196 576 2267; x_wconf 79' lang='lat' dir='ltr'><strong>Athenis,</strong></span> <span class='ocrx_word' id='word_1_173' title='bbox 589 2204 707 2272; x_wconf 81' lang='lat' dir='ltr'><strong>rogetus</strong></span> <span class='ocrx_word' id='word_1_174' title='bbox 720 2213 739 2254; x_wconf 95' lang='lat' dir='ltr'><strong>a</strong></span> <span class='ocrx_word' id='word_1_175' title='bbox 752 2195 882 2267; x_wconf 90' lang='lat' dir='ltr'><strong>Rhodiis,</strong></span> <span class='ocrx_word' id='word_1_176' title='bbox 899 2196 1005 2275; x_wconf 76' lang='lat' dir='ltr'><strong>legisse</strong></span> <span class='ocrx_word' id='word_1_177' title='bbox 1018 2196 1109 2256; x_wconf 80' lang='lat' dir='ltr'><strong>fertur</strong></span> <span class='ocrx_word' id='word_1_178' title='bbox 1120 2196 1198 2255; x_wconf 90' lang='lat' dir='ltr'><strong>illam</strong></span> <span class='ocrx_word' id='word_1_179' title='bbox 1215 2194 1374 2253; x_wconf 87' lang='lat' dir='ltr'><strong>orationem</strong></span> 
     </span>
     <span class='ocr_line' id='line_1_21' title="bbox 276 2281 1372 2369; baseline -0.005 -22"><span class='ocrx_word' id='word_1_180' title='bbox 276 2281 453 2369; x_wconf 68' lang='lat' dir='ltr'><strong>&#39;egregiam</strong></span> <span class='ocrx_word' id='word_1_181' title='bbox 468 2306 554 2368; x_wconf 88' lang='lat' dir='ltr'><strong>quam</strong></span> <span class='ocrx_word' id='word_1_182' title='bbox 575 2287 605 2345; x_wconf 90' lang='lat' dir='ltr'><strong>in</strong></span> <span class='ocrx_word' id='word_1_183' title='bbox 625 2285 845 2366; x_wconf 82' lang='lat' dir='ltr'><strong>Ctesiphontem</strong></span> <span class='ocrx_word' id='word_1_184' title='bbox 869 2299 971 2347; x_wconf 83' lang='lat' dir='ltr'><strong>contre</strong></span> <span class='ocrx_word' id='word_1_185' title='bbox 990 2288 1219 2349; x_wconf 71' lang='lat' dir='ltr'><strong>Demosthenem</strong></span> <span class='ocrx_word' id='word_1_186' title='bbox 1239 2285 1372 2344; x_wconf 76' lang='lat' dir='ltr'><strong>dixerat:</strong></span> 
     </span>
     <span class='ocr_line' id='line_1_22' title="bbox 295 2378 1372 2460; baseline 0 -23"><span class='ocrx_word' id='word_1_187' title='bbox 295 2398 353 2457; x_wconf 91' lang='lat' dir='ltr'><strong>que</strong></span> <span class='ocrx_word' id='word_1_188' title='bbox 368 2380 508 2457; x_wconf 89' lang='lat' dir='ltr'><strong>perlecta,</strong></span> <span class='ocrx_word' id='word_1_189' title='bbox 521 2378 641 2458; x_wconf 87' lang='lat' dir='ltr'><strong>petitum</strong></span> <span class='ocrx_word' id='word_1_190' title='bbox 661 2390 706 2439; x_wconf 85' lang='lat' dir='ltr'><strong>eat</strong></span> <span class='ocrx_word' id='word_1_191' title='bbox 726 2380 763 2438; x_wconf 89' lang='lat' dir='ltr'><strong>eb</strong></span> <span class='ocrx_word' id='word_1_192' title='bbox 773 2398 819 2439; x_wconf 83' lang='lat' dir='ltr'><strong>eo</strong></span> <span class='ocrx_word' id='word_1_193' title='bbox 838 2380 988 2459; x_wconf 81' lang='lat' dir='ltr'><strong>postridie,</strong></span> <span class='ocrx_word' id='word_1_194' title='bbox 1004 2392 1039 2441; x_wconf 89' lang='lat' dir='ltr'><strong>ut</strong></span> <span class='ocrx_word' id='word_1_195' title='bbox 1056 2381 1170 2460; x_wconf 77' lang='lat' dir='ltr'><strong>legeret</strong></span> <span class='ocrx_word' id='word_1_196' title='bbox 1185 2378 1262 2439; x_wconf 83' lang='lat' dir='ltr'><strong>illam</strong></span> <span class='ocrx_word' id='word_1_197' title='bbox 1275 2378 1372 2449; x_wconf 87' lang='lat' dir='ltr'><strong>etiam,</strong></span> 
     </span>
     <span class='ocr_line' id='line_1_23' title="bbox 296 2471 1374 2551; baseline 0 -23"><span class='ocrx_word' id='word_1_198' title='bbox 296 2490 362 2548; x_wconf 79' lang='lat' dir='ltr'><strong>quse</strong></span> <span class='ocrx_word' id='word_1_199' title='bbox 376 2482 439 2530; x_wconf 83' lang='lat' dir='ltr'><strong>eret</strong></span> <span class='ocrx_word' id='word_1_200' title='bbox 450 2481 550 2530; x_wconf 85' lang='lat' dir='ltr'><strong>contre</strong></span> <span class='ocrx_word' id='word_1_201' title='bbox 566 2488 584 2530; x_wconf 86' lang='lat' dir='ltr'><strong>e</strong></span> <span class='ocrx_word' id='word_1_202' title='bbox 597 2471 797 2533; x_wconf 89' lang='lat' dir='ltr'><strong>Demosthene</strong></span> <span class='ocrx_word' id='word_1_203' title='bbox 813 2490 867 2550; x_wconf 89' lang='lat' dir='ltr'><strong>pro</strong></span> <span class='ocrx_word' id='word_1_204' title='bbox 888 2471 1077 2551; x_wconf 83' lang='lat' dir='ltr'><strong>Ctesiphonte</strong></span> <span class='ocrx_word' id='word_1_205' title='bbox 1091 2472 1186 2535; x_wconf 83' lang='lat' dir='ltr'><strong>edita:</strong></span> <span class='ocrx_word' id='word_1_206' title='bbox 1206 2488 1292 2550; x_wconf 82' lang='lat' dir='ltr'><strong>quem</strong></span> <span class='ocrx_word' id='word_1_207' title='bbox 1305 2487 1374 2529; x_wconf 90' lang='lat' dir='ltr'><strong>cum</strong></span> 
     </span>
    </p>
   </div>
   <div class='ocr_carea' id='block_1_3' title="bbox 176 2556 1377 2644">
    <p class='ocr_par' dir='ltr' id='par_1_3' title="bbox 176 2556 1377 2644">
     <span class='ocr_line' id='line_1_24' title="bbox 176 2556 1377 2644; baseline 0.008 -23"><span class='ocrx_word' id='word_1_208' title='bbox 176 2556 179 2562; x_wconf 78' lang='grc'><strong>’</strong></span> <span class='ocrx_word' id='word_1_209' title='bbox 222 2560 228 2576; x_wconf 87' lang='grc'><strong>“</strong></span> <span class='ocrx_word' id='word_1_210' title='bbox 296 2563 463 2624; x_wconf 74' lang='lat' dir='ltr'><strong>suavissime</strong></span> <span class='ocrx_word' id='word_1_211' title='bbox 475 2575 505 2623; x_wconf 91' lang='lat' dir='ltr'><strong>et</strong></span> <span class='ocrx_word' id='word_1_212' title='bbox 517 2565 641 2624; x_wconf 84' lang='lat' dir='ltr'><strong>maxima</strong></span> <span class='ocrx_word' id='word_1_213' title='bbox 653 2583 726 2626; x_wconf 81' lang='lat' dir='ltr'><strong>voce</strong></span> <span class='ocrx_word' id='word_1_214' title='bbox 740 2565 869 2644; x_wconf 78' lang='lat' dir='ltr'><strong>legisset,</strong></span> <span class='ocrx_word' id='word_1_215' title='bbox 887 2565 1093 2627; x_wconf 77' lang='lat' dir='ltr'><strong>admirantibus</strong></span> <span class='ocrx_word' id='word_1_216' title='bbox 1110 2566 1262 2627; x_wconf 74' lang='lat' dir='ltr'><strong>omnibusz</strong></span> <span class='ocrx_word' id='word_1_217' title='bbox 1276 2566 1377 2630; x_wconf 68' lang='lat' dir='ltr'><strong>Quan-</strong></span> 
     </span>
    </p>
   </div>
   <div class='ocr_carea' id='block_1_4' title="bbox 296 2654 1383 4575">
    <p class='ocr_par' dir='ltr' id='par_1_4' title="bbox 296 2654 1383 4575">
     <span class='ocr_line' id='line_1_25' title="bbox 297 2654 1377 2735; baseline 0.003 -23"><span class='ocrx_word' id='word_1_218' title='bbox 297 2663 339 2724; x_wconf 91' lang='lat' dir='ltr'><strong>to,</strong></span> <span class='ocrx_word' id='word_1_219' title='bbox 349 2654 448 2731; x_wconf 86' lang='lat' dir='ltr'><strong>inquit,</strong></span> <span class='ocrx_word' id='word_1_220' title='bbox 460 2655 551 2734; x_wconf 79' lang='lat' dir='ltr'><strong>magis</strong></span> <span class='ocrx_word' id='word_1_221' title='bbox 563 2655 782 2727; x_wconf 77' lang='lat' dir='ltr'><strong>admiraremini,</strong></span> <span class='ocrx_word' id='word_1_222' title='bbox 798 2656 822 2714; x_wconf 88' lang='lat' dir='ltr'><strong>si</strong></span> <span class='ocrx_word' id='word_1_223' title='bbox 834 2656 928 2735; x_wconf 84' lang='lat' dir='ltr'><strong>ipsum</strong></span> <span class='ocrx_word' id='word_1_224' title='bbox 941 2656 1085 2718; x_wconf 79' lang='lat' dir='ltr'><strong>dicentem</strong></span> <span class='ocrx_word' id='word_1_225' title='bbox 1098 2656 1271 2717; x_wconf 72' lang='lat' dir='ltr'><strong>audissetis?</strong></span> <span class='ocrx_word' id='word_1_226' title='bbox 1309 2658 1377 2723; x_wconf 82' lang='lat' dir='ltr'><strong>Quo</strong></span> 
     </span>
     <span class='ocr_line' id='line_1_26' title="bbox 298 2745 1378 2829; baseline 0.002 -25"><span class='ocrx_word' id='word_1_227' title='bbox 298 2745 368 2804; x_wconf 84' lang='lat' dir='ltr'><strong>satis</strong></span> <span class='ocrx_word' id='word_1_228' title='bbox 381 2745 549 2822; x_wconf 80' lang='lat' dir='ltr'><strong>significavit</strong></span> <span class='ocrx_word' id='word_1_229' title='bbox 561 2758 700 2827; x_wconf 79' lang='lat' dir='ltr'><strong>qnantum</strong></span> <span class='ocrx_word' id='word_1_230' title='bbox 714 2758 791 2807; x_wconf 86' lang='lat' dir='ltr'><strong>esset</strong></span> <span class='ocrx_word' id='word_1_231' title='bbox 806 2747 837 2807; x_wconf 92' lang='lat' dir='ltr'><strong>in</strong></span> <span class='ocrx_word' id='word_1_232' title='bbox 854 2748 987 2809; x_wconf 71' lang='lat' dir='ltr'><strong>wdone:</strong></span> <span class='ocrx_word' id='word_1_233' title='bbox 1009 2749 1057 2829; x_wconf 86' lang='lat' dir='ltr'><strong>qai</strong></span> <span class='ocrx_word' id='word_1_234' title='bbox 1071 2749 1228 2809; x_wconf 77' lang='lat' dir='ltr'><strong>cretionem</strong></span> <span class='ocrx_word' id='word_1_235' title='bbox 1244 2747 1378 2820; x_wconf 80' lang='lat' dir='ltr'><strong>eandem,</strong></span> 
     </span>
     <span class='ocr_line' id='line_1_27' title="bbox 297 2836 1380 2917; baseline 0.004 -22"><span class='ocrx_word' id='word_1_236' title='bbox 297 2836 382 2896; x_wconf 82' lang='lat' dir='ltr'><strong>eliam</strong></span> <span class='ocrx_word' id='word_1_237' title='bbox 396 2856 459 2897; x_wconf 91' lang='lat' dir='ltr'><strong>esse</strong></span> <span class='ocrx_word' id='word_1_238' title='bbox 471 2849 709 2917; x_wconf 52' lang='lat' dir='ltr'><strong>puteretffictore</strong></span> <span class='ocrx_word' id='word_1_239' title='bbox 719 2849 840 2898; x_wconf 87' lang='lat' dir='ltr'><strong>mutato.</strong></span> <span class='ocrx_word' id='word_1_240' title='bbox 873 2841 1025 2902; x_wconf 88' lang='lat' dir='ltr'><strong>Hactenus</strong></span> <span class='ocrx_word' id='word_1_241' title='bbox 1033 2841 1148 2901; x_wconf 85' lang='lat' dir='ltr'><strong>Cicero.</strong></span> <span class='ocrx_word' id='word_1_242' title='bbox 1179 2837 1266 2905; x_wconf 73' lang='lat' dir='ltr'><strong>Quod</strong></span> <span class='ocrx_word' id='word_1_243' title='bbox 1279 2839 1303 2897; x_wconf 90' lang='lat' dir='ltr'><strong>si</strong></span> <span class='ocrx_word' id='word_1_244' title='bbox 1315 2852 1380 2899; x_wconf 86' lang='lat' dir='ltr'><strong>tan·</strong></span> 
     </span>
     <span class='ocr_line' id='line_1_28' title="bbox 296 2927 1379 3010; baseline 0.004 -24"><span class='ocrx_word' id='word_1_245' title='bbox 296 2938 343 2986; x_wconf 91' lang='lat' dir='ltr'><strong>tus</strong></span> <span class='ocrx_word' id='word_1_246' title='bbox 357 2939 453 2989; x_wconf 87' lang='lat' dir='ltr'><strong>oretor</strong></span> <span class='ocrx_word' id='word_1_247' title='bbox 467 2927 626 2996; x_wconf 85' lang='lat' dir='ltr'><strong>AEschines,</strong></span> <span class='ocrx_word' id='word_1_248' title='bbox 640 2946 699 3003; x_wconf 92' lang='lat' dir='ltr'><strong>quo</strong></span> <span class='ocrx_word' id='word_1_249' title='bbox 712 2927 791 2983; x_wconf 89' lang='lat' dir='ltr'><strong>idem</strong></span> <span class='ocrx_word' id='word_1_250' title='bbox 805 2929 908 2986; x_wconf 87' lang='lat' dir='ltr'><strong>Cicero</strong></span> <span class='ocrx_word' id='word_1_251' title='bbox 927 2931 997 2988; x_wconf 89' lang='lat' dir='ltr'><strong>nihil</strong></span> <span class='ocrx_word' id='word_1_252' title='bbox 1012 2932 1132 2992; x_wconf 85' lang='lat' dir='ltr'><strong>divinius</strong></span> <span class='ocrx_word' id='word_1_253' title='bbox 1149 2949 1237 3010; x_wconf 86' lang='lat' dir='ltr'><strong>posse</strong></span> <span class='ocrx_word' id='word_1_254' title='bbox 1256 2931 1379 3009; x_wconf 72' lang='lat' dir='ltr'><strong>cogitari</strong></span> 
     </span>
     <span class='ocr_line' id='line_1_29' title="bbox 298 3015 1378 3100; baseline 0.005 -23"><span class='ocrx_word' id='word_1_255' title='bbox 298 3019 416 3077; x_wconf 76' lang='lat' dir='ltr'><strong>assent:</strong></span> <span class='ocrx_word' id='word_1_256' title='bbox 436 3035 522 3094; x_wconf 91' lang='lat' dir='ltr'><strong>quem</strong></span> <span class='ocrx_word' id='word_1_257' title='bbox 542 3015 671 3074; x_wconf 86' lang='lat' dir='ltr'><strong>inimicus</strong></span> <span class='ocrx_word' id='word_1_258' title='bbox 686 3015 896 3075; x_wconf 84' lang='lat' dir='ltr'><strong>Demosthenes</strong></span> <span class='ocrx_word' id='word_1_259' title='bbox 909 3038 928 3077; x_wconf 94' lang='lat' dir='ltr'><strong>a</strong></span> <span class='ocrx_word' id='word_1_260' title='bbox 946 3023 1145 3097; x_wconf 74' lang='lat' dir='ltr'><strong>magnitudine</strong></span> <span class='ocrx_word' id='word_1_261' title='bbox 1164 3021 1242 3080; x_wconf 81' lang='lat' dir='ltr'><strong>vocis</strong></span> <span class='ocrx_word' id='word_1_262' title='bbox 1254 3028 1378 3100; x_wconf 70' lang='grc' dir='ltr'><strong><em>μεγὼ-</em></strong></span> 
     </span>
     <span class='ocr_line' id='line_1_30' title="bbox 299 3105 1376 3189; baseline 0.008 -23"><span class='ocrx_word' id='word_1_263' title='bbox 299 3113 457 3189; x_wconf 70' lang='lat' dir='ltr'><strong>postremo</strong></span> <span class='ocrx_word' id='word_1_264' title='bbox 470 3105 605 3184; x_wconf 82' lang='lat' dir='ltr'><strong>appellnt,</strong></span> <span class='ocrx_word' id='word_1_265' title='bbox 622 3107 761 3184; x_wconf 84' lang='lat' dir='ltr'><strong>imparem</strong></span> <span class='ocrx_word' id='word_1_266' title='bbox 774 3125 807 3166; x_wconf 91' lang='lat' dir='ltr'><strong>se</strong></span> <span class='ocrx_word' id='word_1_267' title='bbox 818 3106 925 3168; x_wconf 80' lang='lat' dir='ltr'><strong>fatetur</strong></span> <span class='ocrx_word' id='word_1_268' title='bbox 942 3111 1116 3189; x_wconf 75' lang='lat' dir='ltr'><strong>eloquentie</strong></span> <span class='ocrx_word' id='word_1_269' title='bbox 1130 3112 1376 3187; x_wconf 85' lang='lat' dir='ltr'><strong>Demostheniere,</strong></span> 
     </span>
     <span class='ocr_line' id='line_1_31' title="bbox 299 3197 1379 3280; baseline 0.01 -23"><span class='ocrx_word' id='word_1_270' title='bbox 299 3201 370 3278; x_wconf 91' lang='lat' dir='ltr'><strong>quid</strong></span> <span class='ocrx_word' id='word_1_271' title='bbox 383 3199 421 3258; x_wconf 89' lang='lat' dir='ltr'><strong>de</strong></span> <span class='ocrx_word' id='word_1_272' title='bbox 435 3199 520 3259; x_wconf 84' lang='lat' dir='ltr'><strong>mutis</strong></span> <span class='ocrx_word' id='word_1_273' title='bbox 533 3198 623 3257; x_wconf 88' lang='lat' dir='ltr'><strong>literis</strong></span> <span class='ocrx_word' id='word_1_274' title='bbox 637 3208 683 3257; x_wconf 90' lang='lat' dir='ltr'><strong>est</strong></span> <span class='ocrx_word' id='word_1_275' title='bbox 696 3197 868 3258; x_wconf 84' lang='lat' dir='ltr'><strong>dicendum:</strong></span> <span class='ocrx_word' id='word_1_276' title='bbox 888 3221 955 3280; x_wconf 78' lang='lat' dir='ltr'><strong>que</strong></span> <span class='ocrx_word' id='word_1_277' title='bbox 967 3203 1062 3262; x_wconf 89' lang='lat' dir='ltr'><strong>solnm</strong></span> <span class='ocrx_word' id='word_1_278' title='bbox 1073 3203 1267 3264; x_wconf 82' lang='lat' dir='ltr'><strong>inventionem</strong></span> <span class='ocrx_word' id='word_1_279' title='bbox 1276 3217 1308 3267; x_wconf 86' lang='lat' dir='ltr'><strong>et</strong></span> <span class='ocrx_word' id='word_1_280' title='bbox 1320 3208 1379 3267; x_wconf 88' lang='lat' dir='ltr'><strong>dis-</strong></span> 
     </span>
     <span class='ocr_line' id='line_1_32' title="bbox 298 3289 1378 3376; baseline 0.01 -29"><span class='ocrx_word' id='word_1_281' title='bbox 298 3290 470 3369; x_wconf 84' lang='lat' dir='ltr'><strong>positionem</strong></span> <span class='ocrx_word' id='word_1_282' title='bbox 488 3289 615 3349; x_wconf 88' lang='lat' dir='ltr'><strong>reddunt</strong></span> <span class='ocrx_word' id='word_1_283' title='bbox 634 3290 795 3368; x_wconf 83' lang='lat' dir='ltr'><strong>integram:</strong></span> <span class='ocrx_word' id='word_1_284' title='bbox 815 3291 869 3351; x_wconf 88' lang='lat' dir='ltr'><strong>sed</strong></span> <span class='ocrx_word' id='word_1_285' title='bbox 881 3293 1084 3367; x_wconf 86' lang='lat' dir='ltr'><strong>elocutionem,</strong></span> <span class='ocrx_word' id='word_1_286' title='bbox 1098 3315 1164 3375; x_wconf 80' lang='lat' dir='ltr'><strong>quoe</strong></span> <span class='ocrx_word' id='word_1_287' title='bbox 1175 3297 1239 3357; x_wconf 86' lang='lat' dir='ltr'><strong>sine</strong></span> <span class='ocrx_word' id='word_1_288' title='bbox 1251 3298 1378 3376; x_wconf 85' lang='lat' dir='ltr'><strong>pronun·</strong></span> 
     </span>
     <span class='ocr_line' id='line_1_33' title="bbox 300 3381 1381 3467; baseline 0.01 -28"><span class='ocrx_word' id='word_1_289' title='bbox 300 3381 423 3440; x_wconf 83' lang='lat' dir='ltr'><strong>clatione</strong></span> <span class='ocrx_word' id='word_1_290' title='bbox 437 3401 519 3440; x_wconf 88' lang='lat' dir='ltr'><strong>suum</strong></span> <span class='ocrx_word' id='word_1_291' title='bbox 534 3382 605 3440; x_wconf 89' lang='lat' dir='ltr'><strong>tueri</strong></span> <span class='ocrx_word' id='word_1_292' title='bbox 616 3381 662 3440; x_wconf 86' lang='lat' dir='ltr'><strong>vix</strong></span> <span class='ocrx_word' id='word_1_293' title='bbox 674 3401 778 3442; x_wconf 89' lang='lat' dir='ltr'><strong>nomen</strong></span> <span class='ocrx_word' id='word_1_294' title='bbox 789 3394 895 3462; x_wconf 85' lang='lat' dir='ltr'><strong>potest,</strong></span> <span class='ocrx_word' id='word_1_295' title='bbox 909 3385 1073 3445; x_wconf 71' lang='lat' dir='ltr'><strong>dimidiam?</strong></span> <span class='ocrx_word' id='word_1_296' title='bbox 1086 3387 1090 3393; x_wconf 83' lang='grc'><em>“</em></span> <span class='ocrx_word' id='word_1_297' title='bbox 1114 3387 1216 3466; x_wconf 81' lang='lat' dir='ltr'><strong>ltaque</strong></span> <span class='ocrx_word' id='word_1_298' title='bbox 1228 3389 1315 3467; x_wconf 77' lang='lat' dir='ltr'><strong>longe</strong></span> <span class='ocrx_word' id='word_1_299' title='bbox 1325 3391 1381 3450; x_wconf 84' lang='lat' dir='ltr'><strong>fal·</strong></span> 
     </span>
     <span class='ocr_line' id='line_1_34' title="bbox 301 3471 1380 3558; baseline 0.013 -30"><span class='ocrx_word' id='word_1_300' title='bbox 301 3471 406 3542; x_wconf 89' lang='lat' dir='ltr'><strong>luntur,</strong></span> <span class='ocrx_word' id='word_1_301' title='bbox 418 3472 476 3552; x_wconf 78' lang='lat' dir='ltr'><strong>qui,</strong></span> <span class='ocrx_word' id='word_1_302' title='bbox 489 3472 618 3550; x_wconf 77' lang='lat' dir='ltr'><strong>legendis</strong></span> <span class='ocrx_word' id='word_1_303' title='bbox 627 3474 776 3534; x_wconf 89' lang='lat' dir='ltr'><strong>Ciceronis</strong></span> <span class='ocrx_word' id='word_1_304' title='bbox 787 3487 817 3535; x_wconf 85' lang='lat' dir='ltr'><strong>et</strong></span> <span class='ocrx_word' id='word_1_305' title='bbox 827 3477 1034 3536; x_wconf 87' lang='lat' dir='ltr'><strong>Demosthenis</strong></span> <span class='ocrx_word' id='word_1_306' title='bbox 1046 3479 1224 3558; x_wconf 85' lang='lat' dir='ltr'><strong>aliorumque</strong></span> <span class='ocrx_word' id='word_1_307' title='bbox 1238 3493 1380 3542; x_wconf 88' lang='lat' dir='ltr'><strong>oratorum</strong></span> 
     </span>
     <span class='ocr_line' id='line_1_35' title="bbox 302 3563 1380 3654; baseline 0.012 -32"><span class='ocrx_word' id='word_1_308' title='bbox 302 3563 424 3640; x_wconf 87' lang='lat' dir='ltr'><strong>scriptis,</strong></span> <span class='ocrx_word' id='word_1_309' title='bbox 439 3581 470 3622; x_wconf 92' lang='lat' dir='ltr'><strong>se</strong></span> <span class='ocrx_word' id='word_1_310' title='bbox 483 3573 574 3622; x_wconf 92' lang='lat' dir='ltr'><strong>totam</strong></span> <span class='ocrx_word' id='word_1_311' title='bbox 587 3565 706 3625; x_wconf 89' lang='lat' dir='ltr'><strong>heroum</strong></span> <span class='ocrx_word' id='word_1_312' title='bbox 718 3565 832 3627; x_wconf 89' lang='lat' dir='ltr'><strong>illorum</strong></span> <span class='ocrx_word' id='word_1_313' title='bbox 851 3567 1045 3646; x_wconf 80' lang='lat' dir='ltr'><strong>eloquentium</strong></span> <span class='ocrx_word' id='word_1_314' title='bbox 1063 3572 1314 3650; x_wconf 85' lang='lat' dir='ltr'><strong>comprehendisse</strong></span> <span class='ocrx_word' id='word_1_315' title='bbox 1325 3595 1380 3654; x_wconf 89' lang='lat' dir='ltr'><strong>pu·</strong></span> 
     </span>
     <span class='ocr_line' id='line_1_36' title="bbox 301 3655 1379 3739; baseline 0.014 -27"><span class='ocrx_word' id='word_1_316' title='bbox 301 3664 383 3713; x_wconf 85' lang='lat' dir='ltr'><strong>tent:</strong></span> <span class='ocrx_word' id='word_1_317' title='bbox 397 3655 487 3714; x_wconf 89' lang='lat' dir='ltr'><strong>multo</strong></span> <span class='ocrx_word' id='word_1_318' title='bbox 501 3655 653 3735; x_wconf 84' lang='lat' dir='ltr'><strong>ineptiores</strong></span> <span class='ocrx_word' id='word_1_319' title='bbox 667 3669 742 3727; x_wconf 89' lang='lat' dir='ltr'><strong>sunt,</strong></span> <span class='ocrx_word' id='word_1_320' title='bbox 756 3659 806 3737; x_wconf 91' lang='lat' dir='ltr'><strong>qui</strong></span> <span class='ocrx_word' id='word_1_321' title='bbox 818 3678 850 3718; x_wconf 89' lang='lat' dir='ltr'><strong>se</strong></span> <span class='ocrx_word' id='word_1_322' title='bbox 859 3659 916 3719; x_wconf 91' lang='lat' dir='ltr'><strong>illis</strong></span> <span class='ocrx_word' id='word_1_323' title='bbox 927 3679 986 3720; x_wconf 89' lang='lat' dir='ltr'><strong>nne</strong></span> <span class='ocrx_word' id='word_1_324' title='bbox 997 3673 1084 3739; x_wconf 84' lang='lat' dir='ltr'><strong>atque</strong></span> <span class='ocrx_word' id='word_1_325' title='bbox 1097 3663 1262 3724; x_wconf 87' lang='lat' dir='ltr'><strong>alteraorati</strong></span> <span class='ocrx_word' id='word_1_326' title='bbox 1274 3666 1379 3726; x_wconf 65' lang='lat' dir='ltr'><strong>uncus</strong></span> 
     </span>
     <span class='ocr_line' id='line_1_37' title="bbox 301 3745 1380 3826; baseline 0.01 -21"><span class='ocrx_word' id='word_1_327' title='bbox 301 3745 429 3805; x_wconf 87' lang='lat' dir='ltr'><strong>nitidulis</strong></span> <span class='ocrx_word' id='word_1_328' title='bbox 453 3746 546 3806; x_wconf 84' lang='lat' dir='ltr'><strong>serbis</strong></span> <span class='ocrx_word' id='word_1_329' title='bbox 573 3758 604 3804; x_wconf 88' lang='lat' dir='ltr'><strong>et</strong></span> <span class='ocrx_word' id='word_1_330' title='bbox 626 3749 811 3826; x_wconf 84' lang='lat' dir='ltr'><strong>sententiolis,</strong></span> <span class='ocrx_word' id='word_1_331' title='bbox 835 3751 1034 3812; x_wconf 86' lang='lat' dir='ltr'><strong>lucubratione</strong></span> <span class='ocrx_word' id='word_1_332' title='bbox 1058 3754 1213 3813; x_wconf 88' lang='lat' dir='ltr'><strong>multorum</strong></span> <span class='ocrx_word' id='word_1_333' title='bbox 1239 3775 1380 3816; x_wconf 87' lang='lat' dir='ltr'><strong>annornm</strong></span> 
     </span>
     <span class='ocr_line' id='line_1_38' title="bbox 304 3835 1382 3926; baseline 0.013 -30"><span class='ocrx_word' id='word_1_334' title='bbox 304 3835 433 3918; x_wconf 83' lang='lat' dir='ltr'><strong>quamvis</strong></span> <span class='ocrx_word' id='word_1_335' title='bbox 444 3837 522 3896; x_wconf 88' lang='lat' dir='ltr'><strong>belle</strong></span> <span class='ocrx_word' id='word_1_336' title='bbox 536 3837 715 3910; x_wconf 88' lang='lat' dir='ltr'><strong>concinnata,</strong></span> <span class='ocrx_word' id='word_1_337' title='bbox 729 3861 786 3900; x_wconf 85' lang='lat' dir='ltr'><strong>non</strong></span> <span class='ocrx_word' id='word_1_338' title='bbox 801 3847 884 3921; x_wconf 82' lang='lat' dir='ltr'><strong>peres</strong></span> <span class='ocrx_word' id='word_1_339' title='bbox 895 3844 991 3916; x_wconf 89' lang='lat' dir='ltr'><strong>modo,</strong></span> <span class='ocrx_word' id='word_1_340' title='bbox 1003 3846 1059 3905; x_wconf 90' lang='lat' dir='ltr'><strong>sed</strong></span> <span class='ocrx_word' id='word_1_341' title='bbox 1071 3847 1234 3926; x_wconf 85' lang='lat' dir='ltr'><strong>superiores</strong></span> <span class='ocrx_word' id='word_1_342' title='bbox 1248 3849 1342 3921; x_wconf 74' lang='lat' dir='ltr'><strong>etiam</strong></span> <span class='ocrx_word' id='word_1_343' title='bbox 1356 3850 1382 3909; x_wconf 86' lang='lat' dir='ltr'><strong>ai</strong></span> 
     </span>
     <span class='ocr_line' id='line_1_39' title="bbox 304 3929 1380 4018; baseline 0.011 -29"><span class='ocrx_word' id='word_1_344' title='bbox 304 3929 369 3989; x_wconf 89' lang='lat' dir='ltr'><strong>Diis</strong></span> <span class='ocrx_word' id='word_1_345' title='bbox 383 3929 490 4008; x_wconf 91' lang='lat' dir='ltr'><strong>placet,</strong></span> <span class='ocrx_word' id='word_1_346' title='bbox 505 3947 570 3988; x_wconf 86' lang='lat' dir='ltr'><strong>esse</strong></span> <span class='ocrx_word' id='word_1_347' title='bbox 584 3929 740 4006; x_wconf 85' lang='lat' dir='ltr'><strong>opinentur.</strong></span> <span class='ocrx_word' id='word_1_348' title='bbox 791 3933 904 4013; x_wconf 87' lang='lat' dir='ltr'><strong>Longe,</strong></span> <span class='ocrx_word' id='word_1_349' title='bbox 924 3938 1020 4015; x_wconf 84' lang='lat' dir='ltr'><strong>longe,</strong></span> <span class='ocrx_word' id='word_1_350' title='bbox 1044 3938 1168 4018; x_wconf 87' lang='lat' dir='ltr'><strong>inquam,</strong></span> <span class='ocrx_word' id='word_1_351' title='bbox 1189 3941 1245 4001; x_wconf 90' lang='lat' dir='ltr'><strong>alie</strong></span> <span class='ocrx_word' id='word_1_352' title='bbox 1264 3961 1313 4002; x_wconf 86' lang='lat' dir='ltr'><strong>res</strong></span> <span class='ocrx_word' id='word_1_353' title='bbox 1326 3952 1380 4015; x_wconf 82' lang='lat' dir='ltr'><strong>est,</strong></span> 
     </span>
     <span class='ocr_line' id='line_1_40' title="bbox 303 4019 1383 4112; baseline 0.019 -37"><span class='ocrx_word' id='word_1_354' title='bbox 303 4041 389 4101; x_wconf 81' lang='lat' dir='ltr'><strong>qnam</strong></span> <span class='ocrx_word' id='word_1_355' title='bbox 408 4019 508 4098; x_wconf 81' lang='lat' dir='ltr'><strong>vulgus</strong></span> <span class='ocrx_word' id='word_1_356' title='bbox 524 4019 672 4079; x_wconf 88' lang='lat' dir='ltr'><strong>hominum</strong></span> <span class='ocrx_word' id='word_1_357' title='bbox 693 4022 846 4098; x_wconf 85' lang='lat' dir='ltr'><strong>existimet,</strong></span> <span class='ocrx_word' id='word_1_358' title='bbox 869 4026 1039 4105; x_wconf 84' lang='lat' dir='ltr'><strong>eloquentia.</strong></span> <span class='ocrx_word' id='word_1_359' title='bbox 1092 4029 1182 4106; x_wconf 71' lang='lat' dir='ltr'><strong>Ctrjus&#39;</strong></span> <span class='ocrx_word' id='word_1_360' title='bbox 1203 4034 1289 4093; x_wconf 87' lang='lat' dir='ltr'><strong>etiem</strong></span> <span class='ocrx_word' id='word_1_361' title='bbox 1307 4053 1383 4112; x_wconf 77' lang='lat' dir='ltr'><strong>prse-</strong></span> 
     </span>
     <span class='ocr_line' id='line_1_41' title="bbox 304 4111 1381 4204; baseline 0.012 -32"><span class='ocrx_word' id='word_1_362' title='bbox 304 4112 478 4172; x_wconf 86' lang='lat' dir='ltr'><strong>stnntissima</strong></span> <span class='ocrx_word' id='word_1_363' title='bbox 490 4130 612 4191; x_wconf 74' lang='lat' dir='ltr'><strong>qumque</strong></span> <span class='ocrx_word' id='word_1_364' title='bbox 630 4111 737 4190; x_wconf 87' lang='lat' dir='ltr'><strong>scripte</strong></span> <span class='ocrx_word' id='word_1_365' title='bbox 754 4115 824 4192; x_wconf 90' lang='lat' dir='ltr'><strong>quid</strong></span> <span class='ocrx_word' id='word_1_366' title='bbox 844 4115 924 4176; x_wconf 84' lang='lat' dir='ltr'><strong>ahud</strong></span> <span class='ocrx_word' id='word_1_367' title='bbox 943 4131 1019 4190; x_wconf 84' lang='lat' dir='ltr'><strong>sunt,</strong></span> <span class='ocrx_word' id='word_1_368' title='bbox 1037 4141 1123 4200; x_wconf 88' lang='lat' dir='ltr'><strong>quern</strong></span> <span class='ocrx_word' id='word_1_369' title='bbox 1145 4123 1206 4182; x_wconf 78' lang='lat' dir='ltr'><strong>vita</strong></span> <span class='ocrx_word' id='word_1_370' title='bbox 1224 4137 1256 4184; x_wconf 89' lang='lat' dir='ltr'><strong>et</strong></span> <span class='ocrx_word' id='word_1_371' title='bbox 1278 4127 1381 4204; x_wconf 91' lang='lat' dir='ltr'><strong>spiritu</strong></span> 
     </span>
     <span class='ocr_line' id='line_1_42' title="bbox 305 4202 1380 4294; baseline 0.012 -30"><span class='ocrx_word' id='word_1_372' title='bbox 305 4204 441 4276; x_wconf 79' lang='lat' dir='ltr'><strong>carentis,</strong></span> <span class='ocrx_word' id='word_1_373' title='bbox 463 4221 556 4282; x_wconf 83' lang='lat' dir='ltr'><strong>enque</strong></span> <span class='ocrx_word' id='word_1_374' title='bbox 577 4202 678 4262; x_wconf 87' lang='lat' dir='ltr'><strong>mutila</strong></span> <span class='ocrx_word' id='word_1_375' title='bbox 699 4203 870 4264; x_wconf 68' lang='lat' dir='ltr'><strong>simulacra?</strong></span> <span class='ocrx_word' id='word_1_376' title='bbox 911 4209 991 4281; x_wconf 87' lang='lat' dir='ltr'><strong>Esto,</strong></span> <span class='ocrx_word' id='word_1_377' title='bbox 1014 4224 1047 4271; x_wconf 87' lang='lat' dir='ltr'><strong>ut</strong></span> <span class='ocrx_word' id='word_1_378' title='bbox 1067 4215 1096 4272; x_wconf 89' lang='lat' dir='ltr'><strong>in</strong></span> <span class='ocrx_word' id='word_1_379' title='bbox 1109 4235 1232 4294; x_wconf 88' lang='lat' dir='ltr'><strong>corpore</strong></span> <span class='ocrx_word' id='word_1_380' title='bbox 1244 4219 1380 4288; x_wconf 83' lang='lat' dir='ltr'><strong>hnmano,</strong></span> 
     </span>
     <span class='ocr_line' id='line_1_43' title="bbox 306 4294 1382 4375; baseline 0.012 -19"><span class='ocrx_word' id='word_1_381' title='bbox 306 4309 396 4374; x_wconf 88' lang='lat' dir='ltr'><strong>caput</strong></span> <span class='ocrx_word' id='word_1_382' title='bbox 408 4306 439 4355; x_wconf 89' lang='lat' dir='ltr'><strong>et</strong></span> <span class='ocrx_word' id='word_1_383' title='bbox 452 4313 563 4354; x_wconf 87' lang='lat' dir='ltr'><strong>summa</strong></span> <span class='ocrx_word' id='word_1_384' title='bbox 580 4294 716 4373; x_wconf 86' lang='lat' dir='ltr'><strong>pectoris,</strong></span> <span class='ocrx_word' id='word_1_385' title='bbox 729 4315 794 4373; x_wconf 76' lang='lat' dir='ltr'><strong>quse</strong></span> <span class='ocrx_word' id='word_1_386' title='bbox 807 4299 929 4375; x_wconf 81' lang='lat' dir='ltr'><strong>Apelles</strong></span> <span class='ocrx_word' id='word_1_387' title='bbox 938 4301 967 4359; x_wconf 91' lang='lat' dir='ltr'><strong>in</strong></span> <span class='ocrx_word' id='word_1_388' title='bbox 980 4303 1127 4365; x_wconf 74' lang='lat' dir='ltr'><strong>celebrata</strong></span> <span class='ocrx_word' id='word_1_389' title='bbox 1138 4307 1187 4368; x_wconf 89' lang='lat' dir='ltr'><strong>ille</strong></span> <span class='ocrx_word' id='word_1_390' title='bbox 1200 4327 1252 4368; x_wconf 86' lang='lat' dir='ltr'><strong>sua</strong></span> <span class='ocrx_word' id='word_1_391' title='bbox 1265 4309 1382 4369; x_wconf 82' lang='lat' dir='ltr'><strong>Venere</strong></span> 
     </span>
     <span class='ocr_line' id='line_1_44' title="bbox 306 4385 1382 4472; baseline 0.018 -31"><span class='ocrx_word' id='word_1_392' title='bbox 306 4386 473 4465; x_wconf 88' lang='lat' dir='ltr'><strong>politissima</strong></span> <span class='ocrx_word' id='word_1_393' title='bbox 485 4397 547 4446; x_wconf 89' lang='lat' dir='ltr'><strong>arte</strong></span> <span class='ocrx_word' id='word_1_394' title='bbox 560 4385 694 4465; x_wconf 83' lang='lat' dir='ltr'><strong>perfecit,</strong></span> <span class='ocrx_word' id='word_1_395' title='bbox 708 4387 846 4465; x_wconf 88' lang='lat' dir='ltr'><strong>reliquam</strong></span> <span class='ocrx_word' id='word_1_396' title='bbox 859 4401 968 4467; x_wconf 80' lang='lat' dir='ltr'><strong>partem</strong></span> <span class='ocrx_word' id='word_1_397' title='bbox 989 4397 1116 4472; x_wconf 89' lang='lat' dir='ltr'><strong>corporis</strong></span> <span class='ocrx_word' id='word_1_398' title='bbox 1134 4398 1295 4458; x_wconf 85' lang='lat' dir='ltr'><strong>inchoetsm</strong></span> <span class='ocrx_word' id='word_1_399' title='bbox 1314 4400 1382 4459; x_wconf 90' lang='lat' dir='ltr'><strong>reli·</strong></span> 
     </span>
     <span class='ocr_line' id='line_1_45' title="bbox 307 4469 1381 4575; baseline 0.015 -39"><span class='ocrx_word' id='word_1_400' title='bbox 307 4469 385 4557; x_wconf 85' lang='lat' dir='ltr'><strong>quit:</strong></span> <span class='ocrx_word' id='word_1_401' title='bbox 407 4478 448 4538; x_wconf 86' lang='lat' dir='ltr'><strong>sic</strong></span> <span class='ocrx_word' id='word_1_402' title='bbox 460 4479 585 4540; x_wconf 85' lang='lat' dir='ltr'><strong>inventio</strong></span> <span class='ocrx_word' id='word_1_403' title='bbox 595 4491 626 4540; x_wconf 90' lang='lat' dir='ltr'><strong>et</strong></span> <span class='ocrx_word' id='word_1_404' title='bbox 639 4477 785 4558; x_wconf 83' lang='lat' dir='ltr'><strong>dispositio</strong></span> <span class='ocrx_word' id='word_1_405' title='bbox 796 4481 910 4561; x_wconf 88' lang='lat' dir='ltr'><strong>reliquis</strong></span> <span class='ocrx_word' id='word_1_406' title='bbox 923 4484 1245 4567; x_wconf 76' lang='lat' dir='ltr'><strong>cretionis.partibus,&#39;si</strong></span> <span class='ocrx_word' id='word_1_407' title='bbox 1258 4511 1305 4554; x_wconf 88' lang='lat' dir='ltr'><strong>res</strong></span> <span class='ocrx_word' id='word_1_408' title='bbox 1317 4493 1381 4575; x_wconf 82' lang='lat' dir='ltr'><strong>ipsa</strong></span> 
     </span>
    </p>
   </div>
   <div class='ocr_carea' id='block_1_5' title="bbox 0 0 1599 5125">
    <p class='ocr_par' dir='ltr' id='par_1_5' title="bbox 0 0 1599 5125">
     <span class='ocr_line' id='line_1_46' title="bbox 0 0 1599 5125; baseline 0 0"><span class='ocrx_word' id='word_1_409' title='bbox 0 0 1599 5125; x_wconf 95' lang='lat' dir='ltr'><strong> </strong></span> 
     </span>
    </p>
   </div>
  </div>
 </body>
</html>
