3150 5125
492 378 598 437 ΓΑΒ
620 372 970 437 numosffluuum.
1188 374 1298 439 ccxvii

205 530 274 589 siin
288 538 405 609 puteum
417 528 564 607 abjiciam.
605 531 780 609 Quanquam
795 528 905 587 adhoc
917 526 1035 607 quidem
1046 547 1118 609 opos
1130 546 1228 590 meum
1242 531 1295 590 de·
1375 574 1378 581 -

205 620 415 681 mosthenicum
427 620 653 702 quisymbolam
667 621 831 691 conferunt,
845 640 968 698 eamque
988 640 1049 679 uon
1070 640 1228 692 enormem,
1242 643 1296 700 per

203 713 330 773 minutas
343 724 449 791 partes,
463 714 617 793 pecuniam
632 714 662 773 hi
676 732 758 773 suem
772 732 832 773 non
845 713 993 793 perditum
1012 723 1094 789 eunt,
1115 713 1171 771 sed
1189 730 1295 791 magno

203 804 391 867 cumfoenore
401 807 490 887 paulo
501 816 569 885 post
578 815 791 887 recuperatum.
824 806 958 883 Ecquem
970 824 1029 866 non
1039 800 1127 884 plene
1135 822 1296 883 pauperem

203 907 306 974 gravet
324 896 455 978 impensa
467 886 582 978 pistoise
597 898 723 957 dimidiae
738 898 833 977 (cujus
846 896 927 956 valor
940 895 1080 957 ducatum
1099 895 1296 956 holluudioum

199 990 330 1048 nondum
343 991 453 1070 nequet)
466 991 496 1050 in
510 991 646 1051 volumen
660 1010 796 1071 graecum,
811 990 976 1066 cujusmodi
992 991 1051 1051 boc
1063 1002 1119 1062 est,
1140 1006 1195 1049 sex
1216 1008 1297 1049 rnen·

201 1081 283 1163 sibus
297 1094 366 1143 ente
381 1096 512 1163 erogata,
528 1086 611 1163 cujus
625 1084 801 1163 equivalens
815 1083 904 1163 paulo
917 1094 984 1163 post
996 1084 1035 1143 sit
1052 1079 1297 1162 recuperaturus?

201 1172 270 1252 Ego
283 1174 410 1253 quidem,
421 1176 471 1255 qui
485 1177 604 1256 publica
617 1176 772 1251 commode
785 1174 858 1233 meis
867 1174 987 1253 privatis
1000 1192 1116 1254 semper
1128 1172 1295 1244 antehabui,

201 1286 262 1325 non
284 1287 346 1357 spe¹
358 1268 520 1329 divitiarum
536 1268 759 1350 querendarum
778 1268 837 1326 hoc
855 1285 932 1347 opus
944 1266 1076 1345 suseepi;
1096 1286 1162 1346 quse
1173 1266 1219 1326 his
1232 1284 1298 1345 pro·

200 1358 282 1419 tecto
306 1360 414 1420 artibus
435 1382 494 1421 non
513 1364 699 1439 quseruuturs
720 1358 856 1419 obhorret
869 1377 997 1442 quoque
1016 1358 1127 1417 animus
1148 1357 1185 1417 ab
1207 1358 1298 1437 impo-

202 1462 283 1511 stura
297 1476 306 1521 ς
327 1451 438 1512 etiamsi
450 1454 538 1513 velim
558 1452 630 1512 alios
644 1452 779 1531 decipere
792 1462 882 1528 atque
904 1468 1070 1529 emungere,
1082 1451 1212 1511 deserttrs
1231 1468 1296 1508 sum

202 1544 241 1603 ab
264 1543 387 1604 eudocia
407 1555 439 1604 et
456 1544 644 1623 impudentia,
660 1534 690 1604 et
703 1543 871 1603 calliditate.
912 1543 1068 1621 Ingenium
1081 1542 1152 1601 mihi
1166 1542 1205 1602 ed
1217 1540 1298 1600 frau-

202 1636 257 1695 des
270 1636 434 1711 hujusmodi
449 1647 494 1696 est
506 1636 615 1696 tardius
628 1646 716 1714 atque
729 1635 882 1713 stupidius,
892 1645 923 1694 et
936 1634 1065 1694 timidius
1078 1636 1176 1694 etiam.
1216 1632 1295 1693 'Satis

202 1727 329 1799 habebo,
344 1728 368 1787 si
382 1739 504 1797 sumtus,
520 1747 593 1807 quos
610 1727 640 1786 in
660 1728 716 1785 hoo
735 1718 858 1797 tantum,
878 1736 926 1785 -tot
943 1726 1089 1787 volumina
1108 1726 1295 1805 impleturum

202 1838 275 1899 opus
289 1819 418 1897 erogabo
435 1820 611 1887 necessario,
632 1837 852 1898 recuperavero.
898 1818 1130 1879 Lucubrationes
1141 1837 1161 1878 a
1174 1836 1222 1877 me
1235 1816 1294 1875 hoo

199 1909 232 1969 in
251 1930 323 1989 opus
344 1930 397 1990 per
419 1921 462 1971 tot
481 1930 572 1971 annos
593 1912 737 1991 impensas
757 1930 841 1971 acres
855 1921 887 1971 et
904 1910 1034 1971 assiduos
1047 1909 1217 1991 reipublicse
1229 1909 1296 1968 lite·

200 2002 283 2061 rsrim
303 2002 405 2063 lubens
426 2014 457 2063 et
470 2004 556 2063 letus
570 2004 752 2064 condonabo.
794 2004 931 2081 Denique
951 2023 1041 2064 causa
1063 2003 1144 2063 uuila
1165 2012 1221 2073 est,
1241 2020 1295 2061 cur

197 2105 331 2154 metuant
339 2096 529 2167 redemtores,
541 2116 580 2155 ne
593 2096 616 2155 si
627 2096 704 2175 quid'
712 2096 830 2156 humani
843 2096 914 2154 mihi
926 2097 1085 2174 contingat,
1099 2116 1175 2175 opus
1182 2094 1296 2154 abrum-

199 2197 295 2267 patus.
330 2190 520 2267 Quamquam
529 2187 605 2248 enim
618 2188 648 2247 in
667 2188 729 2247 dies
748 2188 806 2247 elia
823 2188 912 2260 eddo,
929 2188 986 2246 alia
998 2198 1089 2258 muto,
1099 2197 1134 2246 ut
1143 2184 1207 2245 dies
1216 2184 1295 2243 diem

198 2278 300 2349 docet,
312 2279 354 2338 ita
366 2290 463 2339 mmen
476 2280 618 2359 pleraque
632 2280 661 2338 in
673 2280 784 2338 mundo
799 2287 831 2337 et
843 2290 945 2357 parato
957 2290 1035 2353 sunt,
1049 2290 1098 2349 ut,
1109 2278 1133 2337 si
1145 2278 1193 2338 vel
1205 2276 1295 2336 bodie

200 2390 298 2431 meum
312 2390 359 2431 me
373 2371 465 2431 fetum
484 2372 616 2444 aufferat,
630 2381 724 2450 coepta
737 2381 836 2430 temen
846 2372 907 2431 tela
916 2372 1078 2431 continuari
1087 2370 1190 2450 possit,
1202 2388 1294 2427 uxore

201 2483 261 2523 non
281 2482 411 2542 passura,
424 2474 478 2523 sut
491 2460 732 2533 existimationem
752 2480 847 2520 meam
869 2461 969 2532 minui,
983 2474 1035 2521 aut
1048 2472 1191 2524 emturum
1213 2479 1295 2539 spem

201 2558 274 2619 falli.
315 2556 524 2640 Praeterieraut
543 2544 845 2616 octodecimvmenses
865 2573 884 2613 a
903 2554 1054 2634 publicato
1077 2554 1127 2613 illo
1148 2572 1295 2634 program-

145 2651 151 2663 '
202 2664 290 2724 mate,
310 2653 348 2712 de
363 2671 422 2731 quo
434 2669 521 2729 supra
536 2651 564 2726 d.
580 2653 629 2708 ῃ.
650 2647 800 2719 dicebam,
812 2667 910 2727 quum,
931 2647 1070 2728 incipiens
1088 2654 1150 2722 jam
1164 2649 1202 2706 de
1216 2649 1294 2706 bono

202 2763 339 2806 successu
352 2744 410 2802 mei
425 2751 546 2802 conatus
560 2740 727 2818 desperare,
739 2739 938 2809 decernerem,
950 2740 1051 2818 paucis
1060 2738 1126 2810 illis,
1136 2740 1185 2818 qui
1202 2757 1293 2817 pecu·

201 2839 278 2898 niam
292 2843 558 2917 praenumersssent,
575 2838 637 2906 (sex
655 2831 749 2891 ferme
769 2849 890 2891 numero
903 2832 999 2908 erant)
1020 2831 1174 2910 pecuniam
1187 2820 1292 2908 ouidue
1373 2867 1378 2870 -

200 2949 283 2990 suam
297 2917 455 2989 remittere.
498 2925 558 2985 Sed
570 2924 736 2983 intercessit
750 2941 831 2994 uror,
842 2943 909 3002 quos
922 2922 1038 2982 tametsi
1059 2914 1202 2993 cerneret,
1217 2936 1293 2980 com-

201 3023 289 3082 moda
302 3022 389 3102 ipsius
407 3029 529 3080 sustam
543 3017 707 3098 periculoso
719 3027 752 3076 et
773 3015 891 3094 ancipiti
911 3027 1005 3095 coepto
1022 3016 1123 3087 minui,
1145 3025 1196 3075 aut
1213 3023 1292 3074 certe

199 3115 230 3174 in
248 3115 402 3175 discrimen
423 3112 493 3184 dari,
515 3130 562 3171 me
582 3123 680 3170 tamen
699 3110 815 3169 hortata
835 3119 888 3180 est,
909 3119 953 3182 ut,
967 3104 1290 3179 confisusdei‘auxilio,

200 3208 250 3285 qui
263 3207 339 3266 invia
351 3206 543 3286 compleuere,
559 3203 709 3280 dubiisque
724 3213 754 3262 et
767 3201 930 3282 desperatis
950 3203 1039 3261 rebus
1057 3201 1232 3280 insperatam
1244 3220 1291 3260 sa·

200 3297 291 3356 intem
311 3297 412 3358 afferre
431 3307 539 3368 nosset,
554 3295 643 3355 fidem
657 3295 755 3354 dutum
767 3295 921 3354 liberarem
935 3294 1037 3373 reique
1050 3293 1175 3372 publicus
1188 3311 1228 3352 ne
1242 3293 1292 3352 de·
1317 3286 1321 3292 ’

201 3409 305 3460 essem,
320 3401 350 3449 et
362 3389 475 3459 melius,
489 3408 576 3467 quum
595 3387 729 3456 solerem,
749 3386 980 3471 detliberalitate
999 3375 1206 3461 hujus‘saeouli
1224 3403 1289 3464 spe·

201 3501 304 3542 rerem.
348 3482 397 3541 Ab
413 3499 448 3540 ea
460 3481 548 3558 igitur
560 3479 700 3559 impulsus
714 3491 744 3539 et
757 3490 904 3560 permotus
916 3498 978 3538 rem
990 3497 1085 3537 meam
1095 3477 1125 3535 in
1133 3476 1289 3538 discrimen

199 3573 272 3633 dare
296 3577 470 3642 susus'sum,
485 3572 598 3631 chartus
612 3571 678 3641 emi;
694 3571 824 3630 conduxi
842 3571 1066 3653 typographum,
1084 3570 1290 3629 excudendum

200 3685 273 3744 opus
286 3663 363 3724 dedi.
406 3663 523 3722 Interim
536 3663 623 3743 psulo
646 3664 745 3741 plures
759 3673 848 3741 utque
861 3664 960 3742 plures
981 3673 1226 3742 prsenumerantes
1239 3681 1289 3722 co·
1416 3696 1419 3705 ι

199 3753 303 3815 ierunt.
344 3757 451 3816 Parum
465 3765 563 3814 tamen
574 3755 644 3834 quid
657 3766 702 3813 ert
715 3773 755 3813 oes
769 3755 808 3814 ab
817 3755 852 3814 iis
866 3747 1007 3815 collatum
1015 3755 1059 3841 ad
1073 3755 1114 3826 id,
1127 3754 1207 3832 quod
1220 3754 1291 3814 mihi

200 3847 238 3908 de
251 3849 364 3928 peculio
383 3867 450 3908 meo
463 3847 688 3928 dependendum
702 3846 764 3904 fuit.
809 3847 849 3906 Et
861 3846 995 3926 profecto
1014 3847 1044 3907 ni
1059 3847 1156 3926 plures
1169 3866 1290 3906 numero
1360 3867 1363 3871 ²

198 3941 378 4020 inposterum
396 3940 573 4010 coalescant,
598 3958 717 3999 necesse
735 3939 835 3999 habeo
854 3941 942 4000 telam
956 3941 1030 4001 banc
1042 3941 1072 4000 in
1087 3939 1218 4000 secundo
1231 3951 1310 3998 sta·v
1406 3959 1412 3968 ·

198 4033 251 4092 tim
264 4033 420 4102 volumine,
433 4041 621 4112 posteaquem
641 4043 735 4092 toturn
750 4033 957 4093 Demosthenis
970 4044 1082 4093 textum
1096 4032 1227 4103 edidero,
1238 4033 1291 4092 ab·

199 4143 342 4204 rumpere.
383 4126 472 4192 Quod
485 4127 509 4185 si
522 4137 618 4200 tamen
632 4124 678 4184 vei
692 4136 804 4185 tanturn
818 4145 858 4186 ex
870 4126 956 4202 hujus
968 4128 1056 4206 primi>
1064 4125 1218 4186 voluminis
1231 4125 1290 4184 dis·

198 4218 341 4277 tructione
353 4217 480 4288 redierit,
495 4217 574 4295 quod
587 4218 655 4277 satis
669 4218 706 4277 sit
718 4217 859 4278 sumtibus
872 4219 944 4279 inid
957 4219 1040 4279 factis
1054 4215 1289 4296 compensandis,

200 4309 322 4387 impiger
332 4320 362 4369 et
372 4309 429 4369 deo
439 4309 530 4370 fretus
543 4311 677 4382 stadium,
688 4313 768 4391 quod
779 4313 927 4391 ingressus
939 4331 1014 4383 sum,
1022 4313 1182 4379 decurram,
1192 4311 1290 4388 quosd

199 4399 259 4460 vitu
276 4401 405 4480 viresque
425 4415 603 4480 supererunt.
656 4403 824 4462 Secundum
845 4405 982 4464 volumen
1005 4414 1086 4461 certo
1107 4400 1213 4460 certius
1232 4404 1288 4462 sub

200 4491 288 4550 finem
300 4492 476 4570 Septembris
489 4494 572 4570 hujus
586 4495 652 4554 anni
669 4499 755 4559 1770.
769 4496 909 4572 prodibit.
951 4495 1056 4554 Exteri
1076 4494 1100 4553 si
1118 4511 1214 4552 meum
1234 4497 1289 4556 sibi

242 4612 319 4654 vor..
334 4613 356 4656 r.
673 4677 677 4684 Ι
756 4601 776 4656 2
797 4619 811 4653 e
