3150 5125
292 366 378 437 rt·
565 352 1074 435 ···nnuonrn1wornr
1159 367 1164 381 ·

286 527 364 591 bore
377 526 524 607 consequi,
546 528 686 605 quamsit
708 528 840 597 arduum,
862 544 901 586 err
925 545 963 614 eo
985 521 1125 604 apparet,
1134 513 1232 596 quod
1238 512 1270 571 in
1289 519 1377 573 ΝΜ

286 640 392 701 macte
410 621 515 698 lingum
536 618 725 698 interpretum
745 638 865 678 numero
883 602 969 677 nemb
989 617 1131 675 hactenus
1151 618 1246 668 totum
1263 605 1377 664 Demo·

287 713 421 773 sthenem
435 711 661 773 convertendum
680 712 825 789 suscepitr
848 710 897 770 alii
918 708 1039 788 professi
1060 704 1160 764 nescio
1177 699 1248 779 quid
1267 702 1376 775 (noque

288 805 364 863 enim
376 787 861 882 tamfacileestpraest'aremagua,
875 820 962 880 quam
971 792 1314 879 polliceri)distuleruutt
1327 788 1376 847 alii

288 914 327 956 aa
338 895 500 966 ediderunt,
517 914 583 974 quae
597 895 692 973 qualia
704 896 770 965 sint,
785 894 904 953 aliorum
919 904 984 951 esto
994 888 1147 966 judicium.
1178 884 1284 961 Neque
1297 881 1377 940 enim

288 987 357 1047 mihi
370 987 551 1068 propositum
566 999 621 1057 est,
636 991 800 1093 quenquam
811 987 857 1045 vel
871 985 960 1047 tacita
973 980 1150 1062 cogitatione
1164 976 1376 1057 perstringere.

287 1079 408 1141 laudare
421 1079 537 1159 quidem
548 1088 608 1150 eos,
623 1079 711 1159 quiin
725 1079 833 1158 aliquot
845 1077 1020 1137 orationihus
1034 1068 1214 1152 explicandis
1227 1066 1376 1146 egregiam

289 1190 408 1251 operam
421 1178 572 1244 naverunt,
593 1191 739 1252 cuperem,
754 1172 916 1252 etquidem
934 1189 988 1249 pro
1006 1167 1102 1227 officio
1116 1164 1263 1231 deberem,
1277 1160 1328 1239 qui
1345 1158 1377 1218 id

287 1262 390 1341 ipsum
412 1262 491 1342 quod
511 1283 567 1341 ego
590 1284 653 1323 sum
673 1274 804 1335 conatus,
824 1284 850 1322 sr
840 1263 984 1332 vellem,
1005 1262 1095 1337 louge
1114 1253 1289 1315 luculentius
1301 1271 1377 1331 pre

290 1366 410 1424 starent,
424 1355 477 1415 nisi
491 1356 690 1415 assentationis
707 1356 902 1435 suspicionem
921 1349 1169 1435 pertimescerem,
1210 1347 1298 1406 Nunc
1310 1344 1379 1405 dum

289 1447 339 1507 alii
359 1447 405 1507 rel
421 1460 544 1519 cessant,
566 1448 612 1507 vel
633 1468 700 1528 quae
720 1450 902 1528 scripserunt,
925 1445 1042 1505 Horatii
1061 1442 1153 1504 secuti
1169 1437 1356 1508 consilinm,
1347 1454 1378 1495 ιιι

289 1552 400 1599 nonum
423 1548 528 1599 annum
550 1550 692 1619 premunt,
713 1541 841 1599 laborem
862 1539 968 1599 bunc
960 1537 1070 1617 imponi
1092 1535 1162 1593 mihi
1181 1538 1283 1612 passus
1304 1534 1379 1602 suni,

289 1630 394 1709 partim
403 1630 593 1701 hortantibus,
605 1633 710 1709 partim
723 1642 891 1709 susceptum
905 1650 977 1709 opus
990 1626 1228 1709 approbantibus,
1238 1642 1378 1701 nonpeu·

291 1721 334 1781 cis
356 1721 484 1781 eruditis.
524 1722 594 1781 Non
613 1724 749 1801 equidem
768 1732 831 1783 sum
852 1724 981 1782 omnium
998 1720 1218 1789 audacissimus,
1237 1721 1293 1777 ne'c
1314 1715 1379 1775 sina

292 1813 369 1872 omni
378 1812 584 1891 deliberatione
598 1827 629 1875 et
639 1816 738 1875 virium
751 1836 880 1875 mearum
894 1815 1085 1876 aestimatione
1098 1824 1210 1875 tantum
1223 1829 1297 1891 opus
1313 1816 1378 1867 sum

291 1922 446 1983 aggressus
459 1915 529 1985 (quo
539 1907 609 1986 quid
622 1919 712 1987 queat
724 1928 789 1969 esse
801 1913 914 1988 turpius
920 1908 945 1985 ι)
958 1918 1009 1968 sut
1022 1927 1070 1967 me
1088 1926 1176 1965 uuurn
1190 1904 1221 1964 id
1235 1901 1380 1963 efficiendi

290 1991 460 2057 facultatem
482 1999 590 2059 habere
612 2001 733 2072 credidi,
754 2002 864 2081 dequo
884 2001 1049 2080 complures
1063 1999 1276 2078 desperassent.
1318 1992 1379 2055 Sed

293 2090 405 2151 duabus
418 2092 563 2172 praecipue
577 2094 664 2155 rebus
677 2093 769 2153 fretus
781 2094 842 2153 fui:
855 2094 1007 2154 tolerantia
1019 2092 1161 2162 laborum,
1174 2089 1277 2168 quibus
1287 2088 1316 2146 in
1330 2086 1382 2146 ho·

290 2184 535 2263 nestopropnsito
545 2205 603 2244 non
617 2186 704 2247 facile
714 2188 906 2247 succumbere
916 2186 1016 2245 soleo:
1031 2197 1062 2245 et
1074 2182 1215 2245 mediocri
1225 2181 1381 2239 multomm

292 2293 432 2334 annorum
451 2292 556 2353 grsecm
568 2276 675 2355 linguae
696 2298 749 2338 usu
765 2290 797 2339 et
814 2278 1029 2339 exercitatione.
1070 2278 1217 2337 Praetereo
1235 2273 1304 2332 mibi
1318 2272 1382 2331 De-·

293 2367 475 2425 mosthenem
488 2368 598 2444 legenti
611 2380 642 2428 et
655 2371 760 2447 saepius
773 2370 914 2450 relegenti
924 2391 983 2431 non
992 2381 1106 2431 tantum
1117 2369 1212 2449 inesse
1225 2364 1382 2425 difficulta-

293 2457 330 2516 tis
342 2456 500 2531 videbatur,
514 2472 653 2538 quantum
667 2462 797 2541 plerique
810 2475 977 2542 persuasum
989 2464 1146 2523 baberent:
1161 2471 1192 2520 et
1204 2460 1228 2519 si
1237 2477 1296 2536 qua
1308 2452 1382 2514 diffi-

163 2552 166 2562 ’
293 2549 387 2610 cultas
401 2563 486 2622 esset,
499 2571 563 2612 eam
574 2554 703 2633 pendere
713 2555 816 2634 partim
826 2558 863 2618 ab
878 2556 1059 2637 ignoratione
1068 2556 1177 2634 linguae
1185 2556 1299 2632 grece,
1316 2567 1383 2627 quw

290 2645 351 2716 jam
365 2663 422 2702 non
434 2645 540 2704 autoris
551 2646 636 2726 culpe
645 2659 699 2718 est,
714 2650 767 2709 sed
785 2651 921 2712 lectoris:
939 2649 1044 2728 partim
1056 2649 1094 2731 ab
1108 2667 1164 2706 exe
1193 2644 1381 2723 mplsriume·

293 2735 471 2813 pretatione,
485 2736 523 2796 de
533 2757 591 2816 qua
603 2759 656 2800 nos
670 2759 784 2821 quoque
796 2761 854 2802 non
867 2741 970 2816 ἱιῄιιιίι
981 2738 1193 2817 conquerimur.
1226 2736 1304 2795 Nam
1314 2743 1383 2797 cunt

293 2838 436 2890 oratorem
451 2829 530 2890 hunc
543 2843 671 2891 nostrum
686 2834 728 2894 sic
743 2845 823 2892 certe
832 2832 911 2912 loqui
931 2830 1100 2910 oportuerit,
1115 2840 1148 2888 nt
1160 2849 1180 2889 a
1196 2828 1383 2900 cerdonibus,

294 2937 313 2980 ι
326 2921 431 2987 nautis,
442 2922 479 2980 ab
493 2923 626 2999 agricolis
638 2924 705 3004 (hoc
719 2925 794 2984 enim
809 2930 872 3000 ejus
885 2924 940 2982 fuit
953 2921 1137 2997 auditorium)
1151 2921 1381 2998 intelligeretur:

294 3011 404 3088 putavi,
424 3031 482 3083 rue,
501 3032 664 3094 quanquam
677 3017 706 3076 in
726 3018 823 3078 media
840 3016 1001 3077 Germania
1017 3027 1128 3086 natum,
1147 3015 1263 3074 assidua
1283 3022 1383 3074 tamen

188 3128 191 3138 ·
295 3105 467 3180 optimorum
487 3125 590 3182 groeoae
609 3109 716 3187 linguae
733 3111 907 3190 scriptorum
922 3109 1049 3169 lectione
1060 3108 1091 3168 id
1104 3127 1170 3168 esse
1182 3119 1382 3177 consecutum,

295 3204 329 3252 ut
344 3194 557 3259 Demosthenes
571 3201 666 3278 (toties
677 3205 833 3280 prasertim
850 3202 987 3278 relectus)
998 3202 1088 3260 nihilo
1101 3201 1170 3260 mihi
1184 3211 1263 3259 esset
1277 3201 1383 3260 obscur-¹

295 3287 363 3358 rior,
379 3306 465 3368 quam
484 3291 568 3352 alicui
581 3293 761 3367 naviculario,
776 3309 827 3357 eut
846 3298 965 3365 rustico,
979 3296 1029 3374 qui
1040 3295 1193 3373 quotannis
1212 3310 1278 3353 eum
1292 3295 1383 3354 semel

296 3383 497 3458 etqueiterurn
517 3403 569 3463 pro
583 3386 724 3449 concione
743 3390 889 3450 dicentem
909 3389 1066 3449 oscitanter
1078 3386 1245 3446 audivisset.
1285 3386 1331 3444 Ea
1342 3397 1385 3446 ta·

295 3493 364 3534 men
378 3477 491 3557 excipio
506 3479 636 3542 instituta
649 3494 791 3552 veterum,
803 3483 841 3542 de
854 3482 956 3562 quibus
970 3481 1040 3538 nihil
1051 3480 1122 3539 certi
1139 3480 1224 3538 nobis
1234 3490 1280 3538 est
1293 3477 1382 3537 tradi·

290 3576 376 3639 ·tum;
398 3581 427 3628 et
441 3571 571 3632 codicum
586 3575 715 3646 mendas,
730 3594 797 3654 quae
811 3586 890 3634 certe
909 3573 1063 3632 maximam
1084 3571 1260 3631 difficultatis
1273 3570 1384 3649 opinio·

295 3679 364 3722 nem
381 3677 565 3742 pepererunt.
606 3667 673 3746 Ego
686 3687 755 3727 vero
775 3668 812 3725 ad
835 3685 899 3725 earn
916 3665 1110 3745 superandam
1123 3663 1297 3740 quibusdam
1315 3662 1384 3721 arria

296 3751 427 3814 bassum
442 3777 519 3827 usus,
529 3758 633 3836 quibus
647 3779 693 3818 me
706 3759 867 3839 profecisse
874 3759 985 3839 aliquid
995 3757 1139 3817 existimo.
1174 3755 1243 3815 Una
1252 3754 1318 3813 herc
1327 3765 1382 3824 est,

296 3847 377 3925 quod
396 3849 464 3908 milri
482 3870 541 3910 non
561 3852 732 3929 persuadeo,
755 3861 802 3912 m'e
821 3853 976 3930 quicquam
996 3849 1083 3917 scire,
1095 3848 1174 3926 quod
1186 3849 1303 3910 neseio:
1325 3866 1384 3926 quo

296 3941 366 4002 uitio
386 3943 479 4014 multi
496 3945 550 4003 nisi
572 3945 692 4004 multum
712 3945 807 4015 fallor,
826 3952 928 4005 et'suo
948 3953 979 4000 et
998 3941 1120 3999 aliorum
1142 3941 1219 4000 malo
1241 3934 1384 4005 laborant.-

296 4031 422 4094 Locos'
416 4036 502 4114 igitur
523 4037 673 4114 ambiguos
685 4048 718 4096 et
734 4037 858 4096 dubios
850 4057 880 4094 ιιι
895 4053 1010 4093 omnem
1024 4051 1107 4091 verso
1117 4043 1239 4111 partem,
1253 4049 1285 4095 et
1296 4050 1384 4114 quam

297 4127 501 4188 attentissima'
508 4141 575 4188 cunr
595 4140 658 4188 toto
672 4149 780 4208 genere
796 4128 1030 4188 Demosthenicoe
1046 4128 1195 4198 orationis,
1209 4130 1385 4209 aliorumque

297 4193 438 4282 honorum
452 4235 585 4284 sutorum
599 4242 753 4300 comparo.
774 4221 947 4298 diligenter
940 4221 1061 4299 ruquiro,
1075 4241 1113 4280 aa
1126 4221 1386 4300 aliquaverhade·
1491 4214 1494 4223 ’

298 4315 365 4386 sint,
383 4317 554 4390 redundent,
568 4317 668 4377 vitiata
687 4317 754 4384 sint,
776 4326 827 4376 aut
848 4316 1039 4395 transposita·
1058 4314 1083 4374 si
1106 4314 1191 4392 plura
1211 4313 1387 4393 exemplaria

299 4405 407 4468 habere
421 4425 547 4488 possum,
569 4409 706 4472 confero:
725 4408 850 4487 siquem
870 4407 967 4466 locum
980 4407 1017 4466 ab
1031 4407 1094 4466 aliis
1114 4406 1243 4475 citatum,
1257 4404 1385 4472 dedam·

299 4511 434 4572 tumim
447 4523 620 4568 conversum
633 4523 696 4564 esse
717 4501 842 4572 memini,
856 4501 986 4562 musula
1029 4502 1129 4579 Atque
1142 4498 1173 4559 in
1188 4499 1249 4574 hro
1268 4499 1386 4578 quidem
1461 4495 1466 4502 ’
