3150 5125
298 414 346 475 nr
627 392 1052 481 nissorrrurworsn
1142 457 1146 465 .

299 562 419 648 iinlfflrlls
429 566 493 628 fere
507 562 609 627 diebus
623 564 708 629 boras
719 566 874 639 detlnmet,
889 584 984 644 etqua
995 562 1145 644 motionis
1159 561 1281 641 ΨΜ
1292 582 1381 644 qt*

299 678 357 741 que
377 662 462 721 bores
485 679 538 719 suo
556 659 610 720 sibi
627 666 694 736 jure
715 662 889 731 vendicaret,
912 678 949 719 ae
969 658 1090 716 vixdum
1109 666 1292 735 aggressum,
1311 677 1381 719 cuna

299 752 425 813 maxime
438 750 569 813 fervebat
581 751 703 822 missua
717 753 846 813 emedio
863 750 1035 829 plerumque
1047 747 1136 807 veluti
1155 766 1242 809 cursu
1260 766 1381 811 muca·

240 852 245 857 “
299 857 354 918 ret,
369 864 435 907 cum
447 864 503 904 non
515 856 547 903 ut
557 842 770 905 Demosthenes
784 845 813 901 in
826 844 1015 902 subtemen
1024 859 1113 921 mean
1122 839 1238 901 abditas
1247 841 1381 915 laterem,

299 937 352 999 aed
366 936 394 994 in
413 936 480 996 loco
500 935 743 995 turbulentissimo
761 952 897 1004 venerea
917 933 1004 1005 adeo,
1017 943 1051 994 ut
1068 932 1213 993 neudum
1234 950 1312 1012 pene
1331 933 1383 993 ob·

300 1027 498 1088 surdescerem
514 1026 635 1104 snepitu
649 1036 679 1085 et
691 1025 861 1085 elamoribus
881 1024 1045 1085 hominum:
1064 1043 1125 1085 non
1142 1023 1270 1104 pluribus
1282 1034 1382 1085 umen

299 1120 444 1180 mensibus
459 1118 501 1197 (id
514 1117 589 1196 quod
610 1118 787 1177 convictores
801 1117 859 1176 mei
877 1126 909 1176 et
920 1116 1075 1177 familiares
1086 1136 1146 1177 noa
1164 1116 1253 1196 pasci
1265 1116 1382 1194 norunt)

299 1222 393 1271 toturn
411 1210 500 1270 latine
522 1208 679 1289 conscripsi
700 1208 929 1268 Demosthenem
949 1207 989 1268 ab
1007 1207 1090 1269 initio
1109 1228 1203 1289 usqua
1223 1209 1263 1273 ad
1282 1208 1382 1280 finem,

299 1320 385 1380 quam
404 1301 452 1380 qui
472 1301 502 1359 in
522 1312 567 1361 tot
586 1300 827 1381 occupationibus
845 1300 883 1360 ed
898 1300 1053 1379 diligente
1067 1300 1275 1381 perlegeasdum
1287 1301 1384 1379 requi·

299 1404 407 1453 rentur.
446 1395 546 1458 Quare
559 1392 637 1451 besti
652 1393 696 1451 isti
716 1404 747 1453 et
768 1394 859 1465 otiosi,
873 1392 931 1471 qui,
944 1392 968 1452 si
980 1410 1067 1453 unam
1086 1403 1174 1471 atque
1185 1392 1307 1453 alteram
1319 1393 1384 1454 De·

300 1486 468 1557 mentireris,
483 1495 533 1544 sut
553 1484 699 1554 Isocratis,
719 1484 876 1544 aliorumve
894 1484 1067 1563 scriptorum
1084 1483 1302 1556 oratiunculam,
1319 1484 1384 1545 loa·

300 1578 384 1657 giorc
408 1578 495 1636 etiam
521 1576 624 1654 spatio,
644 1594 730 1654 quam
752 1575 898 1655 elephanti
921 1576 1046 1655 pariunt,
1068 1574 1265 1637 ducubntam
1285 1576 1384 1637 edida·

300 1670 367 1739 rint,
388 1667 428 1725 dii
449 1666 503 1726 sibi
524 1666 668 1737 ridentur,
688 1666 777 1743 iniqui
802 1667 833 1725 in
852 1686 900 1725 me
917 1668 1033 1742 judices
1055 1686 1119 1729 esse
1142 1686 1201 1726 non
1223 1667 1383 1731 debebunt.

302 1758 369 1836 Ego
390 1758 476 1827 mrim,
497 1758 522 1816 si
544 1754 662 1816 fortuna
685 1767 843 1836 pateretur,
866 1777 969 1817 eorum
987 1758 1153 1819 tarditatem
1174 1758 1277 1819 imitari
1295 1758 1385 1821 facile

299 1868 433 1930 possem:
453 1848 507 1929 ipsi
527 1868 620 1908 meam
640 1848 874 1927 properationem
884 1850 1010 1910 fortasse
1020 1870 1080 1909 non
1091 1850 1281 1911 imitarentur.
1320 1850 1385 1911 Ne·

302 1962 361 2023 que
392 1942 457 2002 hren
491 1941 688 2001 ostentationis
721 1960 810 2001 cansa
841 1942 910 2003 dico
937 1948 1044 2021 (neque
1076 1943 1154 2003 enim
1186 1942 1295 2016 nescio,
1324 1964 1384 2007 nea

299 2045 359 2114 :sm
378 2032 533 2093 celeritatis
554 2052 618 2093 esse
637 2032 764 2107 leudem,
785 2054 871 2114 quam
890 2034 1036 2114 bonitatis)
1050 2036 1104 2095 sed
1122 2036 1290 2097 adveniam
1310 2036 1384 2096 dun·

301 2136 386 2185 tsxst
403 2124 515 2185 fecilior
533 2126 741 2203 impetrandam
761 2126 828 2185 volo
844 2127 997 2206 pertinere.
1037 2126 1098 2187 Cur
1117 2126 1194 2188 enim
1210 2147 1271 2189 non
1287 2128 1385 2189 erebra

301 2218 422 2278 solidam
441 2216 537 2296 potius
557 2216 673 2276 laudem
693 2228 839 2296 expetere,
859 2237 940 2279 mora
956 2216 1086 2297 longiore
1106 2218 1285 2298 interposita,
1297 2238 1385 2297 quara

303 2310 463 2399 aliquorum
477 2307 749 2388 reprehensionibus
768 2310 856 2369 nimia
873 2310 1057 2371 festinatione
1074 2311 1145 2373 dara
1162 2312 1283 2373 lotum?
1310 2311 1386 2372 sno:

303 2402 393 2479 enim,
408 2402 458 2481 qui
480 2420 598 2459 summos
611 2400 781 2460 temeritatis
800 2420 864 2461 esse
881 2412 1028 2473 censeant,
1045 2402 1124 2463 brevi
1142 2413 1274 2482 tempore
1287 2402 1388 2463 conari

303 2492 459 2573 quicquam
480 2493 511 2551 in
535 2493 745 2565 Demosthene,
769 2496 852 2572 cujus
874 2512 974 2553 omnes
997 2493 1144 2555 orationes
1165 2493 1272 2555 fuerint
1295 2494 1387 2572 longo

304 2595 435 2664 ternpore
447 2585 602 2646 meditata.
645 2585 727 2656 Sunt,
744 2586 795 2663 qui
812 2597 930 2668 entem
942 2605 1036 2646 meam
1049 2587 1217 2665 exagitent:
1242 2597 1321 2658 sunt,
1335 2585 1385 2664 qui

303 2697 388 2737 suurn
401 2697 495 2738 rerum
509 2678 539 2737 in
552 2697 598 2738 me
612 2678 786 2738 desiderent.
820 2679 911 2745 Quasi
922 2697 990 2737 vero
1002 2688 1054 2738 aut
1065 2679 1142 2737 idem
1154 2680 1194 2738 sit
1205 2689 1386 2750 eenrmtere:

304 2771 384 2848 quod
397 2771 596 2830 conscribere:
615 2780 665 2830 aut
680 2769 800 2841 Nestor,
810 2780 964 2848 antequam
976 2769 1032 2827 tris
1042 2768 1164 2828 uixisset
1176 2769 1285 2839 secula
1298 2769 1387 2832 borne

303 2881 363 2924 non
376 2861 481 2922 fuerit:
508 2871 557 2922 ant
566 2862 779 2939 grammaticus,
792 2862 822 2920 in
833 2860 946 2939 optimis
958 2859 1107 2938 utriusque
1119 2859 1228 2938 bugum
1239 2859 1388 2938 scriptori·

302 2958 360 3018 bus
375 2954 411 3014 ab
426 2955 543 3016 ineunte
555 2963 685 3012 versatus
696 2963 793 3024 etate,
801 2971 919 3012 munem
931 2951 1076 3028 masengi
1086 2961 1221 3029 nequent,
1233 2950 1289 3009 nisi
1298 2951 1386 3022 iden,

304 3032 551 3128 quemadmodum
570 3043 740 3103 Alexander
758 3043 895 3123 Magnus,
916 3042 994 3103 orbis
1011 3053 1150 3102 terrarum
1168 3041 1321 3121 imperium
1333 3039 1385 3103 ud·

304 3135 494 3195 ministrsrit?
515 3125 657 3195 Ridicule
670 3146 738 3196 sunt
750 3133 909 3195 istiusmodi
923 3134 1128 3203 cavillationes,
1142 3144 1173 3194 at
1185 3133 1247 3214 ipss:
1258 3135 1385 3197 maleum

305 3227 396 3287 lentia
405 3229 524 3306 jejune.
563 3227 641 3286 Nam
660 3228 731 3288 illud
748 3229 882 3307 profecto
898 3246 956 3286 non
968 3227 1054 3287 ualde
1066 3225 1166 3297 ωοωί,
1179 3225 1295 3305 nequis
1308 3226 1385 3287 bane

305 3319 386 3378 selut
397 3320 532 3380 adoreern
546 3318 614 3378 milri
629 3320 806 3400 preriperet.
846 3321 952 3400 Neque
971 3320 1048 3378 enirn
1065 3319 1149 3380 iseat
1160 3319 1384 3389 Demosthenes,

306 3410 355 3488 qni
374 3429 405 3470 ae
418 3411 463 3471 vel
484 3412 542 3490 legi
562 3413 598 3470 ab
619 3411 760 3482 omnibus,
781 3413 888 3472 nedum
907 3410 1038 3471 conserti
1056 3411 1194 3490 patiatur.
1233 3411 1275 3470 Et
1292 3411 1341 3489 qui
1353 3409 1386 3475 id

305 3513 424 3580 possent
437 3504 465 3562 in
479 3505 573 3576 Italis,
586 3503 691 3576 Gallie,
707 3503 873 3572 Germanis,
884 3513 973 3579 atque
985 3504 1048 3561 aliis
1060 3501 1269 3574 nanonibuain
1280 3504 1386 3583 quibus

306 3591 451 3654 literarum
471 3595 566 3654 studia
588 3597 705 3668 florent,
720 3593 882 3672 complures
901 3593 1006 3652 eruditi
1024 3595 1177 3669 majoribus
1193 3607 1244 3656 sut
1261 3595 1386 3675 splendi-

306 3683 433 3745 dioribus
447 3687 581 3765 occupati
601 3689 695 3756 rebus,
710 3683 915 3744 scholasticum
933 3683 999 3756 hoc,
1018 3696 1107 3764 etque
1127 3686 1203 3746 adeo
1223 3687 1386 3765 grammati·

307 3795 373 3834 cnm
388 3775 594 3855 interpretandi
606 3795 703 3856 groecs
714 3795 820 3834 munus
832 3776 992 3854 negligrmt
1027 3776 1088 3836 Sed
1101 3777 1167 3838 dnn
1179 3797 1226 3839 me
1238 3797 1286 3839 res
1297 3778 1386 3839 rebe*

306 3877 420 3927 menter
438 3868 609 3928 incitarunt:
638 3887 696 3928 una
715 3877 769 3938 est,
789 3885 827 3926 ac
846 3868 1002 3946 praecipua,
1022 3868 1193 3930 valetudinis
1213 3871 1311 3948 (quam
1331 3887 1387 3949 per

305 3960 471 4021 seruitutem
492 3971 523 4019 et
535 3959 658 4039 inopiam
671 3959 739 4019 satis
753 3979 854 4019 curare
871 3958 1020 4032 nonlicet)
1033 3974 1172 4040 perpetus
1182 3961 1244 4022 lere
1256 3961 1386 4023 imbecil-

304 4053 381 4124 litss,
403 4071 468 4131 quse
488 4052 518 4110 in
539 4052 595 4111 boc
614 4070 701 4130 opere
721 4051 900 4110 laborantem
919 4071 978 4111 non
998 4054 1088 4112 aenei
1106 4053 1137 4112 in
1152 4054 1386 4136 desperationem

304 4146 371 4204 ritae
384 4145 517 4219 conjecit.
558 4144 617 4213 Sic,
632 4163 698 4222 qum
718 4161 764 4203 res
782 4143 853 4202 elios
866 4143 1014 4220 segniores
1031 4145 1070 4204 sd
1086 4145 1215 4206 laborem
1228 4147 1335 4218 reddit,
1348 4165 1387 4214 ea

306 4238 375 4295 milri
397 4238 497 4316 ingens
516 4235 612 4296 calctu
632 4233 753 4308 addidit,
771 4233 920 4303 metuenti,
939 4253 978 4293 ne
993 4247 1123 4316 creptum
1140 4257 1223 4316 opna,
1240 4239 1270 4298 in
1287 4237 1386 4301 medio

305 4329 396 4386 veluti
409 4348 504 4400 cumn,
519 4329 670 4388 immatura
682 4337 773 4387 morte
785 4327 1012 4405 abrumperetur.
1053 4328 1170 4389 Deinde
1181 4329 1302 4391 verebar
1314 4331 1386 4408 (nna
1402 4341 1406 4346 '

306 4417 422 4495 ignarus
441 4422 493 4482 inti
507 4423 573 4492 mei,
588 4439 634 4480 rue
648 4438 787 4498 nusquam
809 4419 870 4480 fere
891 4420 996 4480 diutius
1013 4423 1174 4482 consistere
1190 4419 1388 4501 pedaturae

306 4509 376 4570 milri
389 4510 444 4573 sliu
457 4517 632 4606 abeundum,
646 4525 677 4574 et
689 4523 752 4574 tots
765 4511 839 4572 ratio
850 4513 1009 4573 studiorum
1023 4514 1064 4593 (id
1078 4513 1156 4594 quod
1170 4514 1200 4574 in
1218 4513 1385 4594 peregnna·
