3150 5125
443 382 616 449 suom
636 384 855 453 ruffinum.
879 388 943 453 sl>
963 388 1072 453 DBM:
1139 483 1147 495 ἢ
1214 392 1301 457 cens

396 771 717 855 JUVENTUTI
744 774 1105 875 ACADEMICAE

637 959 856 1051 sinuosus.

200 1214 203 1221 ·
238 1170 393 1237 huonon
408 1172 471 1247 jum
491 1179 617 1251 aguntur
629 1170 707 1243 enni,
722 1188 789 1231 curn
807 1169 837 1227 in
859 1168 956 1227 lucem
968 1165 1076 1246 prodiit
1090 1166 1297 1231 Demosthenis

199 1262 372 1325 Oruiunum
386 1260 614 1343 Philippicarum
629 1263 727 1323 Editio
741 1262 842 1333 nitide,
856 1278 944 1340 quem
956 1258 987 1317 in
1001 1278 1087 1317 usum
1098 1270 1226 1321 vestrum
1236 1262 1297 1323 duo

196 1353 230 1417 in
241 1356 327 1417 bisce
337 1354 465 1417 AEdibus
479 1354 583 1415 eruditi
596 1354 731 1415 honines
740 1362 943 1433 procurarunt.
984 1350 1037 1411 At
1049 1350 1129 1411 istim
1141 1352 1297 1433 multiplici

195 1446 258 1523 jem
269 1446 451 1525 experientia
460 1448 679 1525 comprobatum
692 1465 823 1506 normam
836 1438 903 1505 cum
922 1444 1000 1503 benc
1013 1453 1142 1503 nocuum
1154 1446 1298 1506 AEschinis

198 1537 467 1615 Demosthenisqus
479 1536 652 1599 Orstionum
673 1540 837 1599 ἀντιπάλων
855 1535 1025 1597 Editionem
1041 1534 1224 1597 conformare
1236 1548 1298 1597 stu·

197 1630 329 1701 sussen,
340 1628 372 1687 in
384 1629 531 1689 nonnullis
544 1640 641 1689 temen
655 1628 875 1689 deflectendum
888 1625 957 1687 inde
966 1625 1038 1685 mibi
1047 1646 1113 1687 csse
1123 1627 1297 1689 existimem:

154 1764 159 1769 =
197 1720 238 1783 dc
262 1720 376 1801 quibus,
396 1719 491 1797 deque
513 1720 663 1779 Versionis
687 1720 772 1779 simul
791 1718 882 1797 hujus
902 1716 1105 1797 Notammquu
1124 1718 1238 1781 renone
1261 1740 1298 1781 uc

194 1822 351 1881 mucrore,
362 1812 465 1889 prucis
479 1828 531 1869 vos
546 1828 612 1883 esse
625 1808 813 1890 premonitus
822 1807 920 1868 velim.
977 1878 985 1889 ·
1215 1876 1219 1885 ,

235 1899 493 1981 Interpretetiones
515 1900 617 1959 berum
631 1901 806 1961 Oretionum
826 1900 998 1980 insigniores
1010 1900 1126 1961 Latium
1138 1901 1295 1966 circumfe-

191 2006 294 2055 runtur
316 2003 394 2055 tres:
418 1990 528 2063 wollt,
550 1991 697 2065 Lambini,
715 2002 746 2052 et
761 1991 912 2053 Editorum
926 1992 1151 2066 oxoniensium,
1166 1994 1294 2059 Foullres

190 2096 221 2149 ct
234 2084 350 2147 Friend.
390 2082 428 2143 In
447 2084 493 2143 his
509 2083 629 2163 singulis
648 2104 719 2145 cnm
736 2084 829 2145 multu
846 2084 1038 2164 reperientur,
1059 2106 1126 2165 qum
1143 2088 1183 2147 sd
1200 2090 1291 2167 justes
1423 2157 1426 2165 ¹

191 2175 446 2257 Interpretetionis
471 2176 591 2235 leudem
614 2176 798 2247 conducunt,
824 2176 922 2255 ulique
946 2185 1046 2235 tumen
1069 2196 1223 2255 superesse
1244 2180 1293 2239 vel

189 2270 355 2333 lenissimus
373 2288 474 2329 earum
498 2286 594 2327 rerum
611 2267 753 2329 fatebitur
776 2266 942 2330 estimetur.
982 2267 1136 2345 Ingratum
1155 2270 1293 2349 equidem

191 2380 316 2441 semper,
330 2372 361 2421 et
373 2359 486 2421 liberali
506 2358 626 2439 ingenio
638 2358 790 2437 indignum
804 2378 878 2440 opus
891 2368 948 2427 est,
960 2358 1057 2439 siquid
1069 2360 1184 2421 illorum
1197 2362 1292 2422 homi·

191 2474 274 2531 num,
288 2452 337 2532 qui
356 2452 386 2511 in
406 2451 512 2511 eudem
532 2461 631 2509 tecum
647 2450 786 2531 pulsestrs
799 2450 990 2521 desederunt,
1011 2452 1191 2531 negligentia
1202 2454 1290 2527 fudit,

192 2545 333 2608 curiosius
347 2554 499 2614 excutere,
511 2553 542 2603 et
554 2540 587 2602 in
598 2544 703 2624 vulgus
716 2544 864 2606 indicere:
886 2543 1015 2605 omnium
1027 2565 1097 2606 vcro
1111 2545 1228 2609 minime
1240 2569 1289 2611 mc

192 2639 320 2709 deceret,
335 2637 385 2718 qui
398 2636 502 2696 ulierrae
511 2634 609 2715 potius
621 2635 767 2698 industries
776 2657 864 2718 quum
873 2636 997 2718 propria
1010 2637 1289 2701 eruditionisfostnm

191 2749 372 2811 expromam.
414 2727 544 2790 Sufficiet
554 2727 652 2806 igitur,
662 2729 699 2800 si,
711 2749 776 2808 quse
788 2729 924 2808 sintque
934 2729 965 2788 in
977 2749 1154 2809 unoquoque
1167 2731 1290 2794 istorum

190 2824 387 2906 Interpretum
397 2819 570 2889 desiulerem,
585 2821 751 2882 summatim
764 2831 796 2894 et
807 2840 898 2900 usque
909 2840 946 2882 eo
958 2830 1070 2880 tuntum
1080 2822 1289 2902 perstrinxero,

189 2915 260 2974 dum
277 2915 352 2976 ratio
365 2911 523 2993 probabilis
544 2910 661 2984 existet,
685 2933 738 2974 our
757 2914 787 2973 in
806 2914 852 2973 his
871 2913 1020 2974 vertendis
1042 2913 1147 2988 nullium
1169 2914 1288 2978 demum

187 3007 309 3085 vestigio
321 3025 375 3086 per
389 3004 486 3066 omnis
498 3003 553 3064 sim
566 3015 765 3065 consectatus.

229 3101 279 3160 Ac
298 3099 392 3179 primo
414 3097 601 3158 oxonienses
622 3097 696 3167 illos,
721 3116 845 3176 quorum
870 3098 960 3176 vulgo
984 3098 1190 3178 interpretatio
1209 3099 1287 3162 inter

187 3205 291 3252 manus
303 3191 482 3261 verssbstur,
495 3188 738 3250 immoderatioris
756 3201 787 3248 ct
801 3189 939 3265 juvenilis
953 3189 1105 3266 cujusdem
1121 3191 1152 3249 iu
1165 3211 1286 3253 conver-

187 3283 279 3344 tendo
298 3281 434 3353 licentius,
449 3293 481 3342 et
495 3282 564 3341 olim
585 3301 604 3342 s
624 3280 803 3342 docu‘oribus
824 3282 972 3361 plerisque
991 3280 1155 3344 bominibus
1174 3286 1287 3346 messui

188 3375 457 3445 enimurluertersm,
470 3385 502 3434 et
521 3374 585 3452 ipss
598 3393 665 3434 cum
686 3375 716 3432 in
735 3375 794 3433 hoo
812 3394 886 3453 opus
904 3373 1031 3452 penitius
1053 3374 1285 3457 introspicerem,

187 3485 248 3528 non
261 3466 344 3545 potui
356 3485 416 3524 non
428 3465 602 3526 creberrime
620 3465 764 3526 incursuro.
808 3467 887 3526 Dum
905 3465 984 3525 enim
996 3485 1133 3529 numeros
1153 3481 1286 3550 captant,

187 3571 219 3622 et
232 3559 351 3620 dicendi
364 3559 482 3636 lepores
496 3557 673 3618 ambitiosius
686 3568 879 3637 aucupentur,
891 3557 1044 3618 sententiis
1056 3569 1169 3620 tuntum
1183 3563 1283 3622 edium·

184 3663 260 3722 rent,
271 3651 580 3728 verbererborumque
591 3650 721 3710 ordinem
735 3649 871 3710 remundi
881 3648 1053 3729 religionem
1061 3651 1282 3736 impletumque

186 3753 387 3814 contemnum,
401 3753 436 3802 ut
447 3741 676 3822 provectioribus
688 3742 808 3821 qurirlem
816 3743 847 3802 in
859 3743 906 3802 bis
917 3741 1010 3804 literis
1022 3745 1094 3806 sutis
1101 3746 1226 3810 fortusse
1237 3749 1282 3810 fs·

186 3838 274 3908 cient,
288 3836 327 3897 sd
339 3833 490 3902 meliorum
504 3834 671 3914 Groeceque
685 3835 861 3896 dimenfium
872 3855 958 3896 usum
969 3836 1051 3911 houd
1063 3839 1186 3901 multum
1198 3854 1282 3904 certe

185 3930 349 3998 coelerum.
389 3927 498 4007 Neque
522 3937 621 3988 tumen
641 3928 671 3988 in
695 3927 832 3990 Auctoris
854 3927 987 3990 sensibus
1009 3930 1163 3992 efferendis
1187 3953 1281 4014 mque

184 4025 262 4086 soleo
279 4022 367 4083 utem
380 4021 589 4082 commmdsnt
606 4040 702 4091 mem,
715 4033 749 4082 ut
769 4039 827 4082 non
846 4033 878 4082 et
890 4022 1058 4102 frequenter
1068 4025 1197 4086 timbere
1217 4047 1280 4100 eos,

183 4117 335 4196 mulmque
347 4115 386 4176 sb
398 4113 432 4174 iic
442 4113 613 4174 humanitus
625 4114 774 4175 excidisse
786 4126 952 4194 promptum
965 4116 1005 4176 sit
1016 4116 1191 4178 ostendere:
1212 4139 1282 4197 qu·

182 4221 281 4270 tumen
298 4209 335 4270 sb
355 4206 418 4268 eliis
431 4205 595 4287 mreetigun'
608 4209 696 4281 mab,
708 4225 796 4288 quem
810 4209 887 4268 utin
899 4208 1003 4270 melem
1018 4208 1082 4288 ipse
1095 4207 1283 4273 excruciantis

183 4303 326 4381 iurgium
337 4300 643 4380 operemimpcndom.
872 4317 875 4321 ·

188 4445 192 4452 .
224 4393 371 4454 Summum
384 4409 455 4451 ms
468 4393 651 4471 religiosum,
661 4394 731 4456 milr'
745 4411 817 4454 reso
830 4395 918 4454 etium
938 4392 1123 4454 immodicum
1137 4393 1173 4456 ud
1187 4395 1278 4459 inter-

182 4483 355 4565 pmorlum
367 4482 498 4545 sentino
510 4483 623 4554 uidetur
641 4485 730 4564 iidem
749 4487 950 4566 Hieronymus
970 4485 1104 4557 Wolliue.
1146 4487 1282 4568 Dilige..
