3150 5125
509 398 585 458 un
605 394 956 461 nnuosuueunu.
1043 350 1053 363 ’
1125 494 1129 508 1

329 764 336 773 ’
564 764 709 835 *sach
732 766 886 836 XXIX.

556 943 602 1001 De
618 946 744 1047 valitione
765 944 905 1006 feliciani.
934 950 937 958 '
1041 949 1044 955 '

167 1122 174 1131 '
198 1140 204 1153 ·
237 1113 304 1175 Sua
316 1112 432 1173 exitum
444 1113 510 1173 anni
524 1115 680 1194 superioris
701 1117 881 1181 tres-hano
900 1112 1058 1175 editionem
1079 1114 1118 1174 ad
1138 1132 1186 1174 me
1205 1110 1286 1172 misit

198 1202 384 1285 Strasbrrrgo'
396 1206 440 1265 vir
462 1206 595 1279 illustris,
608 1209 783 1287 Bnmckius,
798 1208 984 1269 consiliarius
998 1207 1091 1285 Regis
1104 1204 1289 1269 eisetuna

197 1295 272 1359 timi.
294 1299 469 1377 (Gonseiller
482 1298 519 1359 de
533 1301 623 1371 Conr,
647 1302 827 1360 Recemem
843 1298 897 1359 des
919 1294 1087 1371 Domaines,
1100 1310 1131 1359 et
1145 1297 1287 1359 Commis-

195 1388 273 1447 taire
290 1392 329 1450 de
343 1392 472 1467 Guerrel
487 1396 571 1470 cnjus
591 1394 771 1455 volumtatem
789 1394 859 1451 mibi
875 1392 1034 1474 Stoebarus
1048 1394 1086 1451 V.
1097 1395 1133 1453 C.
1149 1392 1287 1453 contilia-

197 1480 249 1541 vit.
264 1471 387 1555 Raram,
400 1502 495 1561 eoque
508 1484 610 1543 summi
625 1484 791 1545 faciendam
807 1486 841 1542 in·
855 1483 920 1541 viro'
936 1484 1014 1543 illins
1027 1484 1136 1544 ordinis
1156 1484 1289 1563 peritiam
1317 1510 1323 1517 ·

198 1592 361 1651 graecarum
382 1574 530 1634 literarum
551 1572 737 1655 studiumque
759 1590 866 1635 earum·
881 1576 1073 1645 incredibiles
1087 1596 1147 1636 non
1160 1596 1289 1655 possum

197 1664 257 1724 hoc
279 1664 345 1725 loco
366 1666 429 1725 sine
450 1666 657 1745 predicatione
682 1667 807 1746 quadam
829 1658 905 1738 mea.
929 1686 987 1747 qua
1012 1669 1061 1728 ille
1082 1688 1142 1728 non
1163 1668 1289 1747 indiget,

195 1756 401 1816 transmittere.
442 1756 585 1834 Magnum
598 1775 617 1815 a
631 1756 778 1816 Brunclrio
792 1776 859 1816 meo
873 1757 964 1816 decus
987 1768 1145 1837 acceptura
1166 1757 1205 1815 eit
1223 1755 1289 1815 An-

196 1848 327 1927 thologia
340 1867 447 1929 greca,
463 1850 547 1927 cujus
559 1848 721 1936 ille'sturlio
735 1849 875 1929 imprimis
883 1902 887 1906 ,
895 1859 1023 1919 tenetur,
1036 1850 1060 1909 ei
1073 1848 1210 1928 parabas
1219 1858 1288 1927 gra·

195 1940 290 2000 viores
304 1940 511 2019 occupationes
523 1940 565 1999 illi
578 1939 680 2000 liceret
699 1941 827 2001 animum
841 1942 1025 2021 expolienda
1036 1942 1105 2001 buia
1125 1960 1289 2019 grecorum

195 2030 435 2111 epigrammatum
454 2031 620 2093 collectioni
635 2032 778 2111 adjicere:
814 2031 954 2093 Nondum
974 2032 1093 2112 quidem
1112 2032 1182 2109 mibi
1205 2032 1289 2092 licuit

196 2144 235 2185 ue
245 2125 331 2201 hujus
346 2125 464 2204 quidem
477 2124 720 2204 prestantissima
740 2123 876 2185 editionis
888 2124 1030 2197 lectiones
1042 2124 1156 2203 penitus
1178 2143 1288 2202 cogno·

197 2218 402 2297 haerensque
420 2216 451 2275 in
471 2217 581 2298 sylvam
591 2212 697 2277 meam
716 2212 842 2277 reterre.
860 2238 863 2244 ¹
878 2215 939 2275 Sed
954 2208 1187 2294 'antequam'illa
1204 2212 1289 2294 'sylva

197 2310 381 2388 typographo
393 2310 569 2370 excudenda
581 2312 611 2367 iu
625 2308 728 2370 manus
740 2308 886 2379 tradatur,·
899 2300 1007 2368 curabo
1024 2318 1057 2366 ut
1069 2308 1156 2385 hujus
1170 2326 1289 2386 quoque

198 2402 339 2461 lectiones
351 2401 478 2461 fideliter
491 2412 634 2480 excerpta
651 2402 721 2462 illuc
734 2400 908 2461 referantur.¹
946 2400 1090 2461 Universe
1102 2400 1205 2475 videor
1217 2399 1289 2458 mihi

200 2494 378 2568 observasse,
398 2514 499 2553 verum
520 2512 595 2565 esse,
610 2494 689 2574 quod
702 2493 1020 2574 affirmavit²Taylorue,
1034 2512 1100 2573 quae
1122 2492 1207 2553 bone
1228 2494 1289 2551 sint

198 2587 229 2646 in
251 2585 378 2646 editione
392 2584 474 2646 Pauli
489 2586 616 2645 Manutii
630 2587 782 2659 lectiones,
797 2607 847 2648 eas
861 2607 990 2647 emmae
1005 2586 1171 2646 Feliciones
1183 2583 1288 2646 mutuo

199 2689 309 2738 sumtas
320 2699 393 2740 esse.
437 2679 491 2738 Est
503 2689 648 2759 praeterea
660 2677 728 2740 hec'
735 2675 904 2740 Feliciane'a
917 2673 947 2740 et
961 2679 1068 2740 chartis
1077 2680 1179 2739 iucusa
1192 2677 1289 2757 splen-

200 2771 368 2843 didioribus,
378 2779 408 2830 et
420 2771 495 2850 typis
506 2771 717 2850 grandioribus,·
731 2783 821 2852 atque
831 2772 1021 2833 nitidioribus.
1032 2773 1064 2830 id
1072 2772 1152 2851 quod
1161 2772 1208 2831 vel
1219 2772 1288 2836 inde

199 2873 324 2934 constet,
337 2860 597 2942 quod‘Felicianeae
608 2863 743 2926 volumen
751 2865 871 2944 primum
880 2876 962 2925 tenet
970 2865 1041 2924 folia
1051 2869 1119 2924 181.
1128 2863 1292 2924 secundum

198 2961 268 3017 364.
283 2955 401 3014 tertium
416 2960 486 3017 369.
509 2955 645 3015 Paulinae·
661 2968 760 3016 autem
782 2949 919 3016 volumen
940 2957 1061 3036 primum
1080 2953 1288 3015 tenet'solum·
1404 2982 1409 2991 ·

197 3049 287 3109 modo
299 3048 372 3108 folia
384 3051 451 3108 122.
466 3049 627 3108 secundum
641 3053 710 3110 248.
722 3048 836 3108 tertium
850 3045 920 3109 ata.
962 3049 1076 3115 Quibus
1090 3069 1108 3108 e
1120 3047 1199 3108 libris
1213 3047 1291 3107 Feli·
1402 3077 1405 3082 ·
1420 3112 1423 3123 ἱ

165 3157 174 3176 ·
200 3141 301 3202 cianus
315 3134 545 3216 Demosthenem
559 3141 702 3200 Aldinum
721 3141 930 3218 emendaverit,
953 3142 985 3200 et
1004 3160 1063 3220 quo
1076 3140 1204 3211 delectu,
1219 3139 1290 3218 quid

201 3253 318 3314 quoque
329 3233 397 3292 loco
410 3243 461 3292 aut
480 3232 510 3290 in
532 3229 614 3293 libris
634 3253 654 3292 a
666 3251 699 3293 se
713 3231 871 3313 repertum,
884 3230 940 3308 aut
952 3253 970 3292 a
983 3252 1016 3292 se
1029 3251 1083 3292 suo
1096 3244 1190 3292 marte
1203 3243 1292 3292 exeo

201 3326 325 3405 gitstum
338 3337 369 3384 et
382 3325 571 3385 Demostheni
584 3325 721 3386 donatum
741 3337 828 3397 esset,
843 3325 972 3384 incertos
986 3323 1024 3384 de
1039 3343 1075 3384 eo
1089 3344 1141 3385 noe
1162 3345 1226 3384 ease
1238 3343 1289 3383 vo·

200 3419 271 3489 luit;
292 3419 362 3498 quae:
373 3436 489 3496 magna,
509 3437 605 3498 neque
623 3418 751 3478 ferenda·
764 3428 817 3488 est,
839 3436 891 3477 seu
910 3417 1055 3488 secordia,
1070 3437 1123 3476 seu
1135 3417 1238 3478 levitas
1258 3428 1289 3477 et

200 3509 355 3590 neglectus
370 3509 562 3590 personaque
572 3519 611 3571 'et
628 3510 860 3589 religionissnoe,
871 3529 930 3588 qua
943 3511 1037 3570 editor
1048 3510 1172 3591 quis'que
1184 3511 1291 3571 vetusti

201 3601 403 3682 cujuscunque
416 3602 554 3672 auctoris,
569 3613 600 3660 et
609 3602 664 3681 ipsi
677 3601 791 3662 auctori
798 3619 868 3671 auo,
884 3611 915 3660 et
927 3602 1084 3662 emtoribus
1097 3613 1186 3682 atque
1197 3602 1290 3663 lecto·
1352 3668 1355 3678 ,

200 3697 281 3757 iibus
295 3694 430 3756 editionis
444 3713 513 3754 suae·
525 3696 680 3754 obstrictus
694 3703 747 3766 eat,
757 3712 811 3752 eeu
829 3703 993 3754 contemtus
1005 3691 1182 3773 posteritatis
1203 3707 1234 3755 et
1242 3699 1290 3772 ju·
1389 3774 1394 3780 ‚

200 3789 269 3850 dicii
282 3788 402 3869 publici,
417 3786 659 3846 existimationem
672 3786 763 3866 ipsius
784 3785 903 3846 editoris
923 3786 1044 3859 laedens,
1066 3800 1097 3848 et
1120 3788 1290 3857 emtoribus,

201 3891 346 3961 quotquot
359 3880 408 3941 ille
423 3879 477 3939 sibi
492 3888 591 3959 sperat
612 3879 736 3951 futuros,
750 3877 900 3958 molestus,
914 3877 1022 3959 eosque
1036 3881 1176 3940 fraudans
1193 3883 1292 3939 fructu

200 3973 419 4057 laborissquem
433 3971 472 4029 in·
484 3970 653 4032 adornanda
673 3971 803 4032 editione
824 3991 877 4032 sua
896 3973 1065 4034 exantlavit.
1107 3973 1224 4050 Perlegi
1238 3971 1290 4030 uli·
1369 3982 1380 4002 ³

165 4069 175 4084 ⁸
201 4065 316 4144 quoties
330 4075 360 4125 et
369 4063 585 4124 dedicationem
599 4077 629 4126 et
642 4061 843 4144 prefationem
858 4064 1070 4138 Feliciani,·sed
1082 4066 1113 4123 in
1128 4076 1230 4124 neutra
1242 4063 1290 4122 vel
1316 4126 1320 4133 ,
1395 4143 1403 4150 ρ

146 4183 151 4188 ·
201 4157 320 4217 verbum
340 4155 503 4227 haedere,
521 4176 586 4235 quoe
604 4167 649 4215 est
669 4154 777 4215 homini
798 4156 900 4217 critim
919 4157 1011 4216 multo
1026 4157 1201 4235 gravissima,
1216 4166 1248 4214 et
1260 4154 1290 4214 in

202 4268 261 4328 qua
277 4265 418 4308 summam
432 4247 475 4306 rei
487 4247 537 4308 ille
550 4248 685 4322 collocat,
705 4250 801 4328 reperi
812 4275 820 4320 ι
840 4259 944 4328 praeter
956 4250 1041 4307 istaec
1054 4267 1149 4326 pauca
1162 4257 1192 4306 et
1205 4266 1290 4326 vaga,
1341 4245 1346 4252 ’

203 4361 268 4419 quoe
279 4341 493 4402 dedicationem
507 4341 706 4402 exordiuntur.
739 4351 759 4376 ‘⁶
770 4343 845 4402 Cum
859 4340 1055 4421 superioribus
1066 4339 1179 4412 diebus,
1191 4340 1290 4402 Abbee

204 4430 377 4504 Clarissima,
393 4431 600 4492 Demosthenis
610 4433 806 4493 *orationes
828 4432 960 4492 collectis
973 4431 1144 4512 quibusdam
1164 4434 1290 4514 antiquis

204 4523 353 4585 codicibus
374 4523 626 4603 recognoscendas
644 4525 847 4606 suscepissem,
862 4545 921 4605 quo
941 4519 991 4586 ad'
1004 4521 1198 4588 studiosorum
1216 4526 1290 4590 utili·
