3150 5125
318 403 379 446 αι
548 383 818 445 10.Tmott1
839 381 1171 446 PROLEGOMENA

316 539 430 618 utrique
452 537 624 619 mperatltea'
642 552 751 602 uruit.
794 537 842 600 Er
866 559 925 620 quo
947 549 1077 620 apparet,
1101 557 1162 598 nun
1184 535 1276 598 multu
1299 535 1444 616 phu}

316 651 404 710 quam
416 630 507 693 CCC.
520 651 613 694 annos
623 633 765 694 iuteresm
777 633 853 693 inter
871 643 998 694 noauam
1015 643 1046 692 et
1059 629 1268 692 Demosthenis
1281 639 1431 697 mmm,

318 724 437 784 Tacitus
453 724 492 783 de
512 725 684 786 oratoribus.
704 724 820 785 Gellius
839 725 906 784 XV.
926 729 977 788 28.
991 735 1023 786 et
1037 723 1136 783 XVII.
1152 727 1201 784 et.
1225 720 1276 780 ubi
1298 722 1341 782 ric
1364 721 1431 782 ait.

318 811 428 888 Postea
440 816 570 883 Macedo
584 817 766 888 Alexander,
780 817 921 896 pleraque
940 827 1023 895 parte
1043 814 1176 876 orientali
1196 814 1328 884 subacta.
1343 831 1429 874 cum

318 925 408 967 sunus
420 919 571 987 regnasset
585 908 731 980 undecim,
745 908 820 968 obiit
829 908 928 968 mortis
942 908 1030 968 diem.
1072 905 1180 985 Neque
1192 907 1233 966 ita
1241 905 1333 966 multo
1344 913 1431 983 ροσε

320 997 492 1060 Aristoteles
511 1000 708 1080 philosophus,
729 1011 759 1060 et
780 1011 849 1079 post
872 999 1021 1078 aliquanto
1045 998 1262 1058 Demosthenes
1283 996 1344 1056 vita
1361 995 1427 1056 de·

316 1089 499 1231 futtecpssautuetr.
513 1170 742 1242 Demosthenes,
764 1190 803 1230 ex
824 1190 946 1230 numero
969 1177 1024 1231 τῶν
1044 1175 1139 1230 καλῶν
1159 1166 1310 1250 κᾴγαθῶν.
1333 1167 1428 1238 ,Plu-

318 1263 433 1334 tarchus
450 1283 487 1324 er
502 1263 705 1342 Theopompo.
725 1267 797 1344 ἀνὴρ
810 1263 956 1343 ἐλεύθερός
970 1264 1123 1324 AEschiner
1142 1262 1171 1322 in
1187 1261 1321 1340 Ctesiph.
1334 1261 1426 1321 Tae-

318 1366 381 1415 tcea
395 1355 472 1415 Chil.
487 1354 542 1418 Vl.
557 1374 585 1414 c.
600 1357 649 1418 st.
663 1375 691 1414 r.
714 1355 864 1414 Somnium
883 1356 1005 1416 Luciani
1020 1377 1047 1416 c.
1062 1357 1092 1419 t.
1113 1375 1142 1435 p.
1156 1360 1186 1416 9.
1207 1355 1255 1414 ed.
1272 1355 1370 1414 Amst.
1388 1353 1425 1412 in

320 1453 387 1518 8ου.
401 1448 577 1507 trierarchus
597 1445 721 1516 Luciam
742 1447 886 1507 Eucomio
906 1449 994 1508 Dem.
1036 1447 1225 1510 Trierarchus
1245 1446 1334 1505 etiam
1349 1445 1422 1504 De-

319 1541 486 1612 mosthenes
506 1539 582 1598 filius
602 1559 630 1598 v.
654 1539 771 1622 Ulpiun.
793 1541 832 1598 ud
852 1539 977 1620 Philipp.
998 1543 1038 1600 A.
1078 1541 1197 1622 Τίρημα
1217 1539 1426 1620 τριηραρχικὸν

320 1631 448 1704 conditio
463 1629 589 1688 Athenis
603 1629 758 1708 optimust
772 1631 982 1692 honestissima.
1005 1632 1126 1695 Lucian.
1149 1631 1272 1695 Encom.
1293 1630 1426 1712 Μαχαι-

319 1727 441 1802 ροιριός.
456 1720 605 1780 Plutarch.
622 1721 764 1780 Brodoeus
779 1722 907 1783 Miscell.
921 1724 976 1784 IV.
995 1729 1045 1786 26.
1061 1723 1184 1784 Lucinu.
1200 1723 1325 1784 Rhetor.
1340 1743 1426 1802 prrs-

321 1825 400 1893 cept.
413 1812 556 1887 Mercian.
568 1813 690 1892 Capella
700 1813 721 1872 l.
730 1819 761 1876 5.
774 1815 919 1894 Philolog.
931 1817 1062 1877 AEschin.
1071 1843 1101 1876 π.
1112 1813 1291 1896 παραπρεσβ.
1306 1815 1425 1895 Noster

319 1917 421 1968 contra
446 1904 616 1986 Aphohum.
647 1904 763 1966 Suidus.
787 1905 887 1968 aner.
912 1907 969 1969 111.
989 1914 1020 1969 4.
1062 1911 1158 1976 Quem
1181 1920 1266 1987 pater
1287 1906 1425 1970 udonus

319 2018 424 2068 maeste
436 1996 559 2076 fuligine
577 1996 673 2077 lippus
687 1998 715 2059 A
729 2000 856 2058 carbone
871 2011 902 2060 et
921 2001 1080 2081 forcipibus
1101 2001 1272 2080 gladiosque
1292 2009 1421 2077 parante

319 2091 434 2152 Incude
448 2102 480 2150 et
492 2090 573 2149 luteo
586 2090 718 2150 Vulcano
732 2091 771 2150 ad
784 2091 903 2153 rhetore
917 2093 1001 2153 misit.
1042 2094 1178 2154 Juvenal.
1194 2093 1256 2152 Sat.
1272 2093 1311 2151 X.
1322 2112 1351 2150 v.
1363 2110 1421 2150 ve-

319 2198 398 2256 teres
410 2184 595 2263 interpretes.
617 2182 766 2266 Proeteiea
779 2185 920 2265 quidqmd
940 2185 1089 2249 latiaribus
1104 2186 1205 2247 indere
1219 2184 1297 2250 libris
1315 2185 1422 2264 prisca
1552 2209 1553 2240 ι

320 2290 393 2353 etas
412 2276 534 2350 studuit,
552 2286 646 2336 totum
659 2294 831 2354 percurrere
845 2290 955 2340 suetus.
998 2280 1121 2340 Mantua
1131 2300 1202 2358 quos
1213 2279 1289 2340 acies
1301 2275 1420 2358 pelugi-

320 2391 378 2452 que
391 2370 522 2450 pericula
539 2367 618 2440 lusit,
634 2368 799 2448 Smyrnaeus
813 2371 924 2432 imitatu
937 2373 1038 2443 tubas;
1060 2391 1261 2456 quamcunque
1274 2369 1419 2450 loquendi

321 2462 450 2541 Arpinas
463 2461 515 2521 dat
535 2460 636 2518 consul
656 2480 753 2540 opem,
773 2463 838 2524 sine
857 2465 961 2526 fraude
982 2466 1099 2526 locutus
1118 2465 1213 2525 Fahro
1233 2463 1421 2544 pmgenitus.

320 2565 420 2636 spreto
428 2552 473 2614 cui
487 2564 569 2635 patre
578 2552 671 2632 polita
685 2552 816 2635 Eloquiis
830 2557 893 2637 plus
904 2558 1003 2637 lingua
1016 2558 1078 2619 tuit.
1122 2556 1256 2617 Sidonius
1271 2555 1368 2615 Curru.
1385 2559 1420 2621 2.

322 2650 391 2721 Non
404 2648 460 2707 isto
472 2646 569 2727 potior
581 2644 684 2707 fuisset
697 2646 776 2719 olim,
792 2650 850 2715 Qui
864 2650 1054 2709 Pandioniam
1072 2650 1208 2709 movebat
1228 2660 1292 2709 arte
1306 2646 1419 2708 Orator

320 2760 441 2815 caveum
455 2738 659 2809 tumultuosus,
677 2739 737 2799 Seu
753 2740 867 2801 luscum
887 2751 1037 2819 raperetur
1051 2738 1080 2797 in
1096 2740 1270 2819 Philippum,
1287 2741 1417 2802 Causam

320 2855 374 2896 seu
397 2832 593 2912 Ctesiphontis
613 2832 756 2901 actitaret,
779 2834 832 2891 Vir
852 2850 968 2909 semper
990 2832 1183 2911 popularitate
1202 2851 1349 2905 crescens,
1374 2832 1416 2892 Et

314 2932 396 3003 justo
414 2924 545 2984 residens
564 2923 594 2981 in
615 2942 683 2981 erce
695 2922 785 2991 fandi,
806 2922 864 2987 Qui
883 2922 967 2981 fabro
987 2924 1120 3001 genitore
1141 2936 1323 3002 procreatus,
1345 2924 1416 2984 Oris

320 3017 421 3086 maluit
435 3014 568 3093 expolire
580 3013 686 3071 limem.
709 3012 836 3073 Thomas
848 3012 1044 3077 scholasticus
1059 3016 1177 3077 Anthol.
1191 3017 1242 3076 IV.
1258 3022 1308 3079 Sl.
1320 3018 1416 3099 epigr.

319 3114 349 3171 8.
361 3110 489 3188 ῥητορικὴ
502 3110 588 3185 φιλέω
604 3103 786 3164 christodori
797 3106 827 3165 in
841 3107 929 3167 Dem.
944 3110 1003 3169 Kal
1012 3116 1164 3171 retardor
1178 3110 1297 3171 Anthol.
1317 3112 1418 3177 Quam

319 3213 442 3261 matrem
456 3195 623 3275 Euripides,
639 3206 690 3255 uut
702 3217 789 3275 quem
812 3210 923 3278 putrem
943 3201 1160 3266 Demosthenes
1176 3204 1319 3275 hebuerit,
1337 3202 1416 3281 ipso·

320 3313 386 3363 rum
400 3309 516 3371 quoque
527 3290 624 3349 seculo
638 3290 769 3369 ignotum
781 3293 847 3355 fuit.
861 3294 979 3355 alterius
994 3308 1093 3356 nutem
1108 3306 1227 3356 matrem
1239 3297 1329 3367 olera,
1340 3295 1415 3356 alte·

320 3387 380 3446 rius
392 3395 505 3465 patrem
519 3383 655 3443 cultellos
668 3381 842 3456 venditasse,
860 3388 988 3459 omnium
1002 3408 1086 3475 pene
1100 3388 1250 3457 doctorum
1265 3389 1356 3447 litere
1368 3388 1414 3449 lo·

319 3492 458 3561 quantur.
482 3480 537 3560 [Et
549 3479 625 3539 hunc
645 3480 738 3558 ipsam
750 3481 789 3547 oh
804 3494 924 3541 eausam
946 3482 1071 3542 decebat
1095 3494 1136 3553 te,
1157 3482 1293 3561 Taylore‚
1313 3501 1413 3560 operae

319 3594 453 3655 parcere,
467 3573 587 3653 inepte,
601 3572 704 3645 inutili,
716 3584 748 3633 et
764 3574 888 3646 miseren,
908 3575 1075 3636 testimonia
1088 3575 1266 3655 congerendi
1280 3575 1318 3635 de
1337 3594 1368 3635 re
1382 3574 1415 3633 in

319 3669 423 3746 vulgus
434 3677 513 3737 nota,
524 3666 628 3744 deque
640 3676 728 3725 nemo
739 3666 864 3727 dubitat.
876 3677 907 3727 et
921 3688 987 3747 quoe
1001 3668 1026 3729 ei
1039 3669 1211 3729 testimoniis
1225 3668 1351 3727 debebat
1364 3685 1415 3745 up·

317 3760 440 3841 probari,
459 3770 576 3838 poteret
588 3758 673 3819 unius
686 3760 775 3819 Dem.
791 3761 911 3821 oratoris
925 3761 1121 3821 testimonium
1134 3760 1275 3820 sufficere.
1316 3760 1356 3817 Et
1370 3772 1414 3819 ta·

319 3875 390 3921 meu
401 3853 508 3923 rideor,
527 3852 674 3923 traducor,
686 3853 849 3931 jejunitatis
862 3870 993 3923 accusor,
1011 3854 1061 3931 qui
1081 3852 1311 3933 pinguitudinem
1330 3852 1414 3913 istam

318 3948 483 4029 pituitusam
493 3943 648 4016 fastidiam,
662 3955 693 4007 et
707 3965 834 4023 persona,
851 3966 918 4011 men,
930 3945 1079 4035 indignum
1091 3946 1207 4015 ducam,
1221 3945 1346 4005 libenter
1359 3964 1421 4023 pum

319 4041 387 4102 tidie
396 4037 565 4118 magistellis
579 4037 755 4117 relinquens,
763 4040 870 4117 quibus
883 4038 908 4099 si
917 4038 1027 4097 fetuum
1041 4038 1209 4099 industriam
1224 4038 1360 4099 detrahas
1374 4037 1414 4098 in·

319 4134 412 4213 eptias
426 4130 629 4212 concertandi,
645 4130 715 4189 nihil
734 4130 843 4208 ingenii
857 4129 1012 4208 superest]
1043 4128 1103 4189 Sed
1116 4130 1186 4209 quid
1200 4140 1252 4189 sut
1265 4129 1339 4193 illius
1353 4140 1414 4190 tra·

319 4227 396 4304 gica,
415 4236 468 4286 eut
480 4225 568 4302 hujus
581 4222 713 4287 oratoria,
728 4222 756 4279 vi
777 4221 904 4281 clarius?
926 4221 1059 4281 Valerius
1074 4222 1160 4284 Mur.
1177 4224 1234 4291 lll.
1249 4228 1279 4283 4.
1302 4222 1414 4283 Phocio.

320 4316 505 4378 δοιδυκοποιοῦ
518 4316 624 4395 πατρὸς
639 4313 1150 4392 Glaucipp.-tipqttdrc-rurd-rrir
1163 4316 1328 4390 δυσγένειαν
1341 4340 1412 4393 παρ·

320 4405 394 4480 sirei.
436 4411 588 4469 Athenium
608 4406 702 4487 altos
715 4408 893 4476 trades-tle
911 4406 1048 4484 Spartam
1066 4409 1103 4487 (ff
1115 4408 1291 4469 none—Tire
1300 4410 1414 4484 popular

320 4502 449 4591 error-qs
456 4504 576 4573 &teneor
589 4500 627 4579 os
641 4500 713 4559 hirti
726 4501 887 4587 omongqtlr
901 4502 1052 4565 Attentos
1065 4502 1143 4585 stom
1159 4502 1204 4587 tle
1215 4500 1338 4581 soticr'a
1347 4520 1413 4579 prn-
