3150 5125
378 406 447 468 Al>-
463 400 584 467 SUUM
595 398 828 467 DEMOSTH.
850 398 1065 504 PRAEFATT5
1209 394 1285 469 xus?

157 576 260 637 ,que
258 554 441 622 alvellesnd
461 559 684 623 ostentationem
696 560 750 635 uti,
769 557 856 619 enim
874 558 918 619 tui
939 554 1119 618 conscientie
1130 571 1190 615 non
1201 553 1280 621 cristi¹

188 660 286 710 tantus
288 651 367 729 ,ipse
377 670 482 711 nomen
492 655 574 711 tunm
586 670 685 732 posses
697 650 814 711 tradere
826 649 974 710 memorie
985 646 1172 727 posteritatis.
1213 647 1274 707 Ne·

185 760 244 819 que
259 742 289 801 id
310 744 410 802 mirum
423 742 513 802 rideri
526 740 636 803 debet.-
666 744 748 803 Solet
766 744 842 802 enim
860 742 891 801 in
910 740 996 800 claris
1011 738 1165 798 familiis
1138 754 1221 815 vigor
1233 758 1272 803 ao

186 835 228 901 sis
241 834 366 894 net'urte
374 854 437 895 esea
451 841 551 912 major.
592 835 709 896 Deinde
722 834 869 895 acoedum
889 834 946 893 aliu
965 830 1127 901 comoda,
1137 827 1272 893 liberulis

187 929 333 1001 educatio,
354 926 457 987 emditi
477 939 682 1006 praeceptores,
696 928 880 1008 tranquillum
894 926 995 998 otium
1013 928 1121 1001 justum
1140 913 1273 982 discendi

158 1079 160 1085 ι
187 1021 323 1100 spatium,
338 1019 510 1099 optimorum
525 1020 660 1080 librorum
675 1020 776 1099 copis:
798 1038 865 1097 quae
877 1036 984 1097 megna
995 1035 1032 1075 ex
1045 1025 1128 1095 porte
1141 1013 1274 1073 hominen

159 1176 161 1190 ,
188 1126 292 1175 tenues
304 1113 474 1173 destituunt
494 1133 530 1173 uc
543 1113 664 1193 proinde
678 1112 926 1173 commiseratione
939 1108 1034 1190 potitae
1046 1128 1133 1189 quaro
1144 1108 1277 1169 imeotm.

187 1208 268 1269 tione
282 1206 400 1286 dignum
410 1206 499 1283 ρει,ιὶ
512 1203 616 1285 quibus
626 1205 743 1285 ingenie
755 1205 887 1265 liberalia
900 1203 1093 1281 contigerunt,
1106 1201 1274 1261 eufonuoee

157 1355 161 1367 ,
187 1300 339 1379 iniquitate
352 1299 440 1359 veluti
453 1298 639 1357 sordescere:
660 1299 690 1356 in
704 1308 787 1357 tanto
799 1297 959 1376 prasertim
973 1302 1120 1353 contemtu
1133 1293 1277 1353 bononem

187 1394 385 1462 literarum-et
395 1402 592 1463 meoenotum,
602 1391 652 1469 qui
665 1408 715 1449 ees
728 1390 854 1459 loreum,
868 1387 1023 1467 paucitate·
1062 1389 1130 1453 Quo
1140 1395 1173 1445 tu
1186 1385 1276 1445 etium

188 1488 328 1563 majorem
341 1483 459 1543 leudem
468 1482 596 1551 mereris,
615 1482 731 1541 Ioomsee
744 1480 843 1539 Iacobo
854 1482 992 1559 Puggere,
1006 1478 1057 1559 qui
1069 1488 1174 1558 prester
1186 1479 1275 1537 bene·

157 1624 160 1632 .
189 1576 337 1637 noenum
351 1574 521 1647 inhomioes
527 1573 646 1633 afflictos
660 1582 690 1631 et
699 1572 816 1632 miseros
824 1572 1020 1651 quotidianum
1034 1571 1105 1650 iqui
1110 1568 1277 1629 vedeeimue

189 1678 221 1728 et
230 1668 314 1727 Deo
317 1666 505 1744 gratissimus,
518 1666 619 1744 generi
634 1664 796 1724 mortalium
809 1665 975 1724 utilissimus
990 1663 1151 1723 divitiorum
1163 1660 1278 1721 fructus

156 1818 162 1834 ‚
189 1772 252 1821 eet·
274 1770 305 1817 et
324 1776 381 1817 uno
400 1758 635 1817 stabiliendorum
657 1776 755 1836 opum,
768 1768 799 1817 et
817 1757 858 1816 ud
877 1769 1008 1835 postem
1023 1754 1276 1835 propugnodururn

187 1851 349 1911 firmissima
370 1849 454 1925 ratio)
475 1850 668 1927 complures
659 1850 826 1928 ingeniosos
845 1848 1048 1923 adolescentes
1064 1848 1106 1926 (id
1125 1846 1206 1925 qood
1227 1864 1278 1905 re

187 1962 267 2023 gum,
292 1954 323 2001 et
345 1942 517 2021 principum,
539 1952 570 2001 et
593 1942 741 2002 citimam
761 1961 864 2001 munus
888 1941 945 2018 eet)
963 1944 1022 2001 tuis
1043 1940 1186 2000 sumtibus
1212 1958 1275 1997 non

187 2037 319 2099 modom
333 2034 498 2105 Germania,
513 2035 609 2095 sedin
623 2034 727 2095 Galliis
740 2036 840 2107 etum,
853 2048 884 2095 et
899 2035 991 2106 italio,
1009 2034 1136 2111 henim
1148 2033 1230 2091 fovee
1243 2038 1275 2090 et

188 2140 341 2199 sustentas,
361 2127 428 2187 dnm
451 2146 595 2187 summum
614 2127 752 2187 doctrines
776 2126 898 2206 ςιιιιιιιιιι
921 2132 1119 2205 assequamur.
1159 2126 1196 2183 Io
1216 2144 1278 2203 qno

188 2221 416 2283 laudatissimum
430 2220 595 2299 exemplum
607 2220 741 2279 Remuodi
753 2221 855 2298 putria,
867 2230 899 2278 et
911 2220 1028 2277 Antonii
1040 2214 1137 2296 putrui
1148 2218 1202 2286 tui,
1216 2218 1278 2293 clau

188 2316 363 2387 rissimorum
384 2312 523 2381 virorum,
545 2312 692 2389 sapienter
712 2312 849 2371 imitarier
870 2311 919 2387 qui
936 2320 1045 2389 pretet
1066 2319 1175 2369 crebere
1192 2328 1277 2368 orm-

155 2466 161 2479 ·
187 2418 296 2476 menta,
311 2406 416 2484 quibus
429 2404 560 2463 abundat
579 2403 781 2461 honestissima
791 2413 888 2462 reema
898 2402 1017 2474 familia,
1034 2400 1225 2479 immortelcm
1239 2420 1278 2461 en

190 2516 223 2557 re
237 2499 359 2576 glorium
380 2496 435 2554 sibi
451 2504 649 2574 pepererunt·
676 2493 746 2576 Non
765 2493 842 2553 enim
854 2495 978 2574 ingratos
991 2506 1173 2566 suntmueae,
1183 2501 1277 2573 qumo-
1349 2485 1355 2499 '

191 2609 279 2668 quant
291 2590 370 2648 orbte
384 2598 415 2645 et
424 2587 563 2674 indotetae
577 2587 682 2666 puellae
694 2575 855 2658 rideantur,
864 2587 910 2645 vel
919 2586 1078 2647 cultoribus
1087 2588 1134 2646 tel
1147 2587 1277 2666 petronis

192 2681 260 2753 suis,
274 2681 327 2740 sed
341 2690 477 2756 utrosque
490 2678 614 2738 honesta
627 2677 704 2739 furna
717 2690 747 2738 et
759 2679 881 2738 nominis
895 2679 1033 2738 memorie
1045 2678 1220 2757 sempiterna
1232 2697 1278 2739 re·

134 2843 140 2854 ,
191 2783 387 2832 metuerentur.
430 2772 503 2836 Qum
517 2769 636 2848 proemia
649 2771 697 2848 qui
711 2769 881 2840 contemnit,
895 2781 945 2828 unt
957 2771 1038 2849 parri
1050 2769 1132 2840 fucit,
1146 2789 1213 2828 eum
1225 2781 1279 2830 eut

190 2863 363 2925 celsitudine
377 2862 464 2922 enimi
478 2861 546 2922 Deo
560 2859 744 2934 simillimum,
755 2872 806 2922 eut
818 2861 1044 2939 abjectissimum
1053 2860 1199 2921 bominem
1213 2882 1280 2924 esee

191 2977 313 3017 necesse
325 2965 379 3016 cet.
421 2954 475 3013 Me
489 2950 603 3032 quidem
624 2952 654 3011 in
674 2954 773 3013 multia
787 2953 986 3024 incommodis,
1000 2966 1031 3014 et
1044 2954 1178 3034 malignis
1193 2955 1280 3017 indu·

190 3053 269 3110 etrioe
284 3067 357 3109 mete
371 3066 406 3106 ac
421 3047 531 3106 miseris
544 3045 677 3126 premiis,
691 3066 750 3107 non
760 3066 861 3126 perum
875 3051 919 3122 (ut
932 3048 1071 3126 ingenue,
1078 3048 1158 3127 quod
1171 3051 1278 3122 sentio,

190 3141 294 3220 feteat)
307 3136 475 3200 consolatur
489 3159 567 3218 spes,
580 3137 660 3216 quod
673 3132 758 3200 volde
772 3141 903 3219 suspicor
914 3135 978 3200 iore
987 3133 1023 3215 (ei
1032 3159 1092 3219 que
1104 3127 1192 3200 modo
1202 3140 1278 3204 fides

192 3235 277 3297 astris
297 3233 363 3310 est),
378 3243 411 3291 ut
433 3232 521 3292 etium
544 3240 611 3311 post
628 3225 737 3291 obitum
761 3253 808 3292 me
830 3233 953 3293 honeste
966 3232 1070 3292 vixmee
1087 3244 1233 3312 apparent,
1247 3247 1279 3296 et

193 3347 252 3388 noo
265 3325 439 3404 tranoegiese
456 3325 543 3384 vitem
559 3325 603 3400 (ut
626 3321 753 3383 Sallustii
766 3325 861 3397 verbis
879 3329 958 3401 utar)
969 3343 1052 3385 more
1067 3327 1204 3405 p'ecudles'
1224 3327 1278 3388 eed

159 3481 164 3493 ,
194 3437 295 3482 eorum
307 3415 459 3486 bonorum,
480 3437 546 3497 quoe
564 3415 595 3475 in
608 3417 668 3475 vite
687 3415 813 3476 bunone
824 3417 973 3495 precipue
985 3427 1053 3476 sont
1064 3417 1132 3492 (etei
1150 3418 1180 3476 in
1199 3437 1278 3479 essee
1350 3491 1353 3496 .

158 3548 169 3584 ,·
181 3559 183 3564 ,
193 3511 313 3592 quondo
327 3509 470 3568 fortunam
488 3508 611 3567 bebeum
631 3525 731 3588 punem
743 3507 927 3587 propitium),
943 3507 1055 3568 ιίιιιιιίι
1069 3520 1101 3570 et
1117 3503 1287 3591 aqtieutiee,

159 3655 161 3662 ,
192 3604 285 3663 fuisse
296 3599 464 3662 studiosum.
505 3602 592 3666 Quod
603 3602 627 3660 ai
641 3619 780 3660 remvere
791 3599 1161 3674 consideremue,botoines
1172 3603 1278 3679 eruditi
1326 3623 1333 3638 ·

193 3695 284 3775 (quod
294 3693 330 3772 ad
340 3694 417 3751 beno
426 3691 544 3771 quidem
556 3693 625 3750 vitoe
635 3703 744 3771 purtem
754 3693 871 3769 attinet)
883 3694 1059 3754 summorum
1073 3697 1160 3756 etiam
1174 3716 1278 3776 regum

193 3786 351 3867 potentium
365 3793 516 3863 superant:
536 3803 657 3862 quorum
671 3785 762 3844 omnis
777 3788 925 3858 memoria,
943 3787 998 3848 nisi
1011 3787 1135 3850 edoctis
1147 3791 1280 3850 celebra·

193 3891 302 3949 rentur,
316 3897 375 3936 uno
386 3877 514 3937 alterove
529 3877 567 3936 ed
581 3894 724 3936 summum
739 3878 838 3948 seculo
851 3878 980 3939 frmditae
993 3880 1134 3941 interiret
1167 3884 1280 3949 Quamae

96 4033 98 4041 ,
194 3973 292 4033 obrem
312 3971 453 4050 proeclore
474 3970 629 4049 Virgilius:
653 3969 767 4030 Vivitur
789 3971 916 4049 ingenio,
936 3985 1042 4034 cretae
1061 3977 1163 4035 mortis
1183 3986 1280 4036 erunt.

190 4063 391 4124 Laudabiliter
406 4057 500 4121 'etiem
517 4072 558 4133 tu,
580 4063 698 4121 Ioannes
714 4063 823 4136 Iooode,
842 4075 933 4142 atque
951 4065 1027 4125 adeo
1044 4067 1137 4126 omnis
1149 4067 1278 4146 splendi-

194 4156 312 4216 dissima
326 4155 491 4232 Fuggerono
504 4154 623 4224 semilis,
637 4154 686 4236 qui
700 4175 759 4214 non
778 4157 1032 4218 consentientem
1045 4159 1232 4229 ornamentis,
1245 4171 1280 4219 ut

193 4260 261 4311 eunt
278 4248 460 4326 amplissime
473 4267 544 4327 opes
564 4258 626 4307 toto
645 4261 786 4308 terrerum
807 4251 878 4310 orba
898 4250 1037 4321 celebres,
1051 4252 1202 4310 affinitates
1215 4251 1281 4331 illu·
1346 4248 1349 4254 ’

193 4353 277 4413 ebes,
291 4359 467 4401 summorum
485 4340 646 4419 principum
659 4341 804 4415 amicitie,
817 4354 906 4422 etque
920 4344 999 4423 apud
1016 4341 1081 4402 illos
1093 4341 1159 4400 talis
1171 4345 1280 4404 autori·

159 4499 162 4506 ,
194 4445 248 4505 tos,
263 4444 296 4493 ut
308 4453 359 4492 voe
378 4433 417 4491 ed
434 4431 662 4510 gravissimorum
681 4453 776 4492 rerum
796 4435 1023 4495 deliberationes
1034 4433 1201 4508 adhibeant,
1212 4458 1281 4518 ques
1328 4446 1331 4450 ’

195 4527 310 4605 fortune
316 4525 399 4606 robis
412 4525 516 4604 largito
530 4537 583 4598 est,
597 4525 691 4604 solida
702 4525 788 4586 ctiam
800 4537 832 4587 et
841 4525 1000 4606 peculiaria
1012 4535 1107 4586 tutta
1118 4528 1280 4590 bonacon-

214 4636 313 4683 «ιιι.
335 4637 357 4676 ι.
750 4637 773 4695 g
