3150 5125
535 392 603 455 un
624 340 976 453 nuuosrunuuu.
1120 374 1124 379 ’
1223 414 1298 461 01..

133 612 141 627 ³
162 544 425 625 nqntpumtn.
463 545 576 607 Mirum
589 547 670 609 dictu
682 556 738 622 est,
753 566 840 629 qnam
852 536 984 629 turpibus
1003 550 1098 611 modis
1117 552 1292 629 posteriores

170 636 323 699 editores
336 638 502 719 aprimariis
516 638 583 701 edd.
595 640 802 711 desciscentes,
813 660 867 701 sea
879 640 1025 713 socordio,
1036 662 1089 703 seo
1101 643 1227 715 inscitia,
1237 664 1291 705 seu

85 728 90 737 ’
162 729 364 803 ambitione,
378 750 432 795 seo
443 732 662 813 importunitate
685 733 812 813 quadarn
831 728 946 811 critica,
965 734 1060 811 bonos
1083 724 1219 797 auctores
1238 735 1291 797 de·

169 818 394 894 formaverint,
409 833 441 883 et
452 824 576 905 vestigia
588 826 730 885 bonarum
746 823 919 902 lectionum,
941 824 1006 887 siue
1025 827 1133 907 quibua
1147 838 1290 888 ‘auem

167 908 318 995 intelligi
332 928 492 995 nequeunt,
506 918 733 979 obscuraverint.
760 918 982 979 Demonstrabit
1001 919 1077 980 liber
1095 931 1198 981 noater
1218 919 1291 981 vari-
1351 954 1357 963 ·

164 1006 313 1079 antium,
328 1009 399 1087 quid
416 1009 575 1069 lectionum
589 1010 883 1071 Demosthenicumm
905 1020 1035 1071 versetur
1054 1012 1085 1071 in
1106 1012 1195 1086 libris,
1216 1032 1289 1091 quo·

169 1114 257 1157 rum
271 1100 358 1179 copie
378 1100 462 1161 nobis
484 1100 546 1173 nit,
569 1112 600 1161 et
619 1102 690 1181 quid
709 1113 839 1161 vetustus
858 1103 943 1163 nobis
963 1103 1129 1175 tradiderim
1148 1115 1212 1164 tum
1224 1105 1288 1185 quis

172 1191 300 1269 primus
324 1192 425 1253 vitium
448 1194 553 1273 cuique
578 1194 646 1255 loco
667 1194 815 1261 intulerim
840 1194 1046 1275 deniqueqois
1058 1198 1168 1275 primus
1190 1216 1289 1259 corre·

172 1285 278 1356 xero,
292 1294 344 1345 eut
356 1287 502 1365 quomodo
524 1286 627 1347 viuum
648 1286 756 1364 corrigi
776 1284 894 1346 debeat.
945 1286 1016 1347 blac
1038 1287 1156 1347 demum
1174 1289 1288 1350 neone

169 1387 291 1455 potest
305 1378 344 1437 de
357 1378 480 1439 veritate
493 1378 627 1439 lectionis
642 1376 880 1437 Demosthenice
900 1388 1060 1454 constare.
1087 1381 1157 1440 Non
1176 1381 1289 1443 minore

170 1468 336 1547 religione
358 1470 478 1529 nectari
497 1489 516 1529 a
536 1470 622 1529 nobis
640 1470 750 1530 debent
769 1480 904 1530 auctores
924 1470 1049 1550 profem,
1067 1483 1156 1551 utque
1169 1472 1289 1533 Novum
1359 1516 1362 1522 -

180 1560 425 1621 Testamentum.
439 1582 499 1641 qua
510 1562 550 1623 de
570 1550 658 1623 causa
681 1561 799 1623 codices
813 1562 854 1623 N·
866 1560 904 1623 T.
927 1562 1033 1623 sedulo
1052 1564 1229 1636 excutimus,
1242 1584 1290 1625 ea·
1376 1621 1379 1629 ,

172 1650 260 1713 dem
280 1654 320 1713 de
338 1674 427 1715 causa
447 1654 534 1715 etiam
554 1654 760 1715 Demosthenis
781 1652 974 1733 aliorumque,
987 1666 1133 1735 quotquot
1144 1667 1222 1728 sunt,
1236 1676 1287 1717 ve-

175 1754 333 1805 tustorum
359 1756 511 1807 euctmum
534 1746 653 1808 codices
676 1746 785 1826 inspici,
811 1764 969 1827 earumque
991 1747 1133 1808 lectiones
1160 1749 1234 1820 erui,
1254 1744 1286 1809 et

52 1902 59 1915 .
175 1837 311 1917 proferri
332 1858 384 1918 par
404 1849 459 1900 eet.
479 1856 548 1899 nam
567 1840 631 1900 sola
649 1839 715 1899 hec
729 1850 776 1899 est
788 1838 1002 1920 viscositatem
1024 1839 1193 1901 binorioem
1211 1841 1286 1901 terti

177 1934 340 2009 qu'usqoe,
359 1929 419 1991 sive
440 1948 564 2002 sacrum
583 1930 644 1991 sive
664 1930 819 2011 profanum
839 1941 895 2004 est,
917 1950 936 1991 e
960 1950 1106 1992 consensu
1125 1932 1285 1993 multorum

57 2081 60 2091 ,
173 2024 518 2102 venetorum-probate
538 2022 609 2084 fidei
630 2024 767 2085 codicum
786 2023 1016 2085 demomtrendi.
1055 2024 1108 2084 sic
1129 2026 1284 2104 cognosci·

176 2132 251 2174 mua
263 2113 392 2193 origines
404 2134 544 2187 errorum,
557 2115 600 2176 sic
613 2114 716 2175 modos
728 2112 914 2185 emendandi,
924 2113 967 2174 sic
979 2114 1075 2175 mrdtu
1086 2116 1203 2176 occulta
1212 2116 1285 2179 sitia

175 2204 402 2284 investigamus,
422 2207 466 2267 sic
486 2217 690 2286 corruptorum
710 2206 858 2285 nequities
877 2204 1132 2285 deprehendimus,
1155 2207 1201 2266 sic
1219 2208 1284 2268 lau-

178 2298 256 2358 dem
276 2298 422 2359 emendati
444 2310 495 2359 aut
514 2297 655 2360 vindicati
676 2304 819 2377 cujusque
839 2298 898 2359 loci
916 2298 1029 2357 auoeori
1049 2316 1105 2359 suo
1124 2298 1284 2361 ulouhnus.

183 2392 257 2472 Ego
269 2392 406 2473 equidem
425 2411 494 2453 curn
512 2392 600 2453 video
616 2403 737 2453 atreum
756 2392 909 2453 doctorum
931 2390 1081 2451 hominurn
1101 2408 1193 2470 opera
1211 2388 1284 2452 alio-
1394 2464 1398 2478 Ι

177 2502 253 2543 rum
266 2483 423 2565 postelios
446 2484 576 2544 limatum
591 2477 822 2545 Demosthenem
844 2493 877 2543 et
896 2482 1041 2563 gradatim
1064 2483 1216 2543 meliorem
1236 2484 1283 2543 fs·
1485 2513 1489 2520 ¹

183 2587 279 2649 aum,
295 2586 328 2635 ut
340 2595 415 2636 nune
427 2577 570 2656 possimus
583 2595 697 2636 cocum
709 2567 807 2655 aliqua
818 2575 1024 2648 delectatione,
1045 2577 1138 2636 multo
1156 2577 1282 2656 expedi·
1409 2601 1412 2606 ·

180 2670 254 2740 tius,
279 2679 365 2748 atque
388 2674 513 2744 mqjores
536 2669 626 2728 nosni
650 2679 795 2748 poterant,
818 2668 871 2738 uti,
893 2664 1018 2728 veneror
1040 2687 1143 2728 eorum
1167 2685 1282 2741 manes,

182 2762 237 2842 'qui
254 2761 312 2820 mei
333 2777 431 2828 musa,
446 2778 535 2839 quern
555 2779 614 2819 non
636 2771 752 2832 nomnt,
771 2759 901 2820 nondum
921 2769 1033 2830 natum,
1055 2759 1296 2822 innumerubiles·

181 2863 337 2932 suscepere
362 2850 489 2921 lebores,
516 2869 639 2929 quorum
664 2869 762 2928 neque
786 2867 952 2921 numerum,
978 2867 1078 2929 nque
1104 2850 1282 2928 magnitudi-
1319 2855 1324 2862 ’

180 2963 251 3005 uem
276 2941 453 3021 cogitatione
477 2951 679 3020 consequetur,
701 2941 756 3001 nisi
779 2939 830 3020 qui
853 2941 939 3002 simili
961 2942 992 3000 iu
1010 2940 1133 3020 pistr'mo
1155 2941 1294 3003 teon·

179 3036 273 3106 verit:
294 3033 416 3116 parique
435 3035 524 3096 modo
544 3053 630 3112 spero
647 3031 788 3103 suerrum,
808 3042 843 3092 ut
860 3042 946 3111 gruta
964 3032 1122 3112 posteritas
1142 3033 1281 3094 memlm·

179 3133 220 3190 rit
233 3129 399 3210 aliquando,
412 3129 503 3188 foisse
518 3125 670 3187 Reislrium
685 3125 843 3207 quendem,
857 3125 1006 3186 bominem
1019 3126 1205 3197 laboriosum,
1219 3126 1279 3206 qul,

180 3235 243 3303 'quo
257 3221 486 3282 Demosthenem
507 3219 563 3280 sibi
583 3219 614 3278 in
635 3237 738 3281 munus
753 3217 837 3277 daret
850 3217 931 3278 lectu
950 3230 983 3278 et
1002 3229 1145 3298 perceptu
1164 3218 1278 3298 planio·
1345 3228 1347 3235 “

179 3329 254 3384 rem,
269 3311 573 3391 emaculatioremque,
592 3311 679 3370 nullis
699 3309 813 3388 vigiliis,
834 3309 906 3368 nulli
925 3329 1032 3390 opere,
1052 3311 1126 3370 nulli
1141 3309 1277 3390 pecrmie

182 3409 271 3483 adeo,
288 3405 460 3486 pepercerit,
474 3403 580 3464 multas
593 3403 817 3463 commoditates
830 3403 982 3481 spreverit,
995 3401 1100 3462 multae
1113 3401 1194 3461 tedii
1213 3403 1277 3482 ple·

88 3517 92 3538 ¹
179 3500 312 3562 nissimas
326 3496 469 3556 molestias
490 3497 566 3555 ultro
580 3497 751 3575 susceperit,
771 3514 877 3554 sannus
897 3495 1052 3554 stultorum
1075 3495 1274 3566 contemserit,

174 3598 322 3671 jacturam
343 3589 386 3648 rei
404 3587 560 3658 iamdictis,
579 3585 918 3666 bonaeque-valetudinis
938 3587 1018 3646 bono
1032 3587 1150 3665 publico
1170 3587 1276 3647 lubens

179 3681 397 3752 condonaverit,
406 3681 480 3739 vires
495 3679 600 3740 mentis
613 3690 644 3740 et
658 3679 785 3758 corporis
799 3677 975 3758 impenderit
985 3679 1149 3757 ignotomm
1158 3673 1274 3750 studiis,

165 3757 389 3845 commoditati,
409 3771 607 3833 delectationi.
649 3771 813 3830 Doctorum
826 3770 974 3829 bominum
986 3771 1025 3830 ed
1046 3769 1198 3832 Demostb.
1209 3770 1275 3831 tmi-

177 3853 396 3932 madversioneb
409 3867 479 3925 dum
494 3863 624 3934 excutio,
640 3863 728 3922 miror
738 3863 809 3922 elias
821 3861 940 3921 humani
952 3862 1060 3940 ingenii
1069 3863 1226 3932 solertiam,
1243 3873 1275 3922 et

179 3967 295 4044 igneum
308 3962 376 4030 vim,
396 3959 466 4019 aliae
486 3957 651 4018 coecitatem
672 3966 704 4016 et
728 3955 930 4015 infirmitatem.
970 3955 1007 4014 ln
1021 3954 1274 4016 emendationibus

177 4057 312 4119 felicibus
325 4064 356 4113 et
369 4071 452 4132 pene
467 4049 572 4109 divinis
593 4067 684 4109 cerno
704 4059 734 4107 et
748 4046 935 4107 mirabundus
950 4048 1078 4126 suspiom
1089 4047 1148 4106 vim
1167 4045 1274 4106 mentis

177 4153 322 4218 humane,
338 4146 374 4206 ex
388 4143 510 4205 occultis
522 4142 650 4221 vestigiis
661 4140 813 4201 veritatem
826 4141 971 4210 cruentior
985 4159 1084 4200 rursus
1097 4149 1229 4199 errantes
1240 4137 1273 4196 in

178 4242 266 4302 rebus
276 4239 366 4298 obviis
379 4247 410 4296 et
422 4235 588 4307 notissimis,
607 4234 720 4314 sibique
734 4253 850 4314 prorsus
864 4233 1015 4294 dissimiles
1028 4252 1095 4293 cum
1107 4232 1204 4302 video,
1219 4231 1272 4290 ob·

177 4335 302 4404 liviosos,
324 4329 560 4408 earumipsarum
575 4349 681 4400 rerum,
697 4347 768 4408 quas
782 4336 911 4396 nossent,
927 4324 1055 4408 alibique
1068 4343 1147 4402 sepe
1161 4321 1271 4401 optime

177 4426 372 4495 tradidissent,
385 4423 579 4490 immemores,
594 4411 699 4501 pueros
719 4439 804 4499 paeue
823 4417 988 4498 turpissime
1001 4437 1033 4476 se
1048 4417 1161 4487 dantes,
1173 4433 1270 4475 recor·

48 4575 49 4584 ,
178 4521 233 4582 dor
244 4517 326 4580 sortis
340 4535 424 4585 mee,
438 4513 586 4574 miseratio
606 4533 654 4574 me
668 4511 746 4573 subit
766 4511 852 4572 sortis
872 4510 943 4570 mibi
962 4527 1032 4571 cum
1049 4509 1177 4570 humano
1190 4509 1270 4570 omni
