3150 5125
324 396 383 457 mr
437 362 444 371 ’
649 394 900 457 urmourur
920 395 1074 459 worm

321 548 440 609 meliora
455 548 586 608 sac'ant:
605 548 712 609 ddnde
732 552 853 628 rogabo,
866 570 920 611 cor
935 550 968 610 in
986 548 1120 611 omna·
1138 545 1248 608 scholis
1260 550 1323 623 qu
1334 566 1408 611 esn-

320 641 425 701 tentias
445 639 534 700 latine
554 640 693 720 explicari
705 643 851 721 patiamur
862 662 948 722 mquo
959 640 1076 702 marni
1115 638 1240 707 Quodsi
1253 638 1325 699 utile
1337 660 1408 702 a·

322 730 486 793 concedunt
497 732 582 811 (sieut
601 730 779 792 utilissimum
792 751 857 793 esse
867 734 942 793 adeo
952 751 1060 811 negare
1070 750 1127 793 nou
1137 742 1266 810 poemt,
1277 740 1310 790 nt
1321 732 1409 793 null·

320 824 431 883 ratione
444 824 501 883 alia
511 824 569 884 hoc
583 834 711 904 tempore
725 825 823 885 doceri
843 845 947 904 grece
962 825 1055 884 litera
1072 824 1183 903 possint
1200 822 1405 902 commodius),

316 936 386 995 quae
398 915 504 975 invidia
517 926 572 989 est,
591 916 615 975 si
628 916 690 993 quia
710 916 839 994 ejusdem
858 917 966 977 autoris
985 915 1200 977 conversionem
1211 915 1242 973 in
1253 914 1404 993 poblicum

320 1006 451 1078 ediderit,
460 1026 526 1066 eum
539 1007 762 1086 proscindereet
775 1007 949 1067 calumnmri
988 1011 1161 1086 Quanquam
1173 1005 1404 1066 contaminatam

320 1116 399 1158 arne
411 1118 474 1159 esse
488 1098 728 1171 Demosthenem,
742 1118 849 1177 negare
866 1110 898 1159 et
914 1118 1002 1179 posse
1019 1110 1050 1159 et
1063 1099 1171 1159 dehere
1182 1098 1294 1156 videor.
1335 1096 1403 1155 Etsi

321 1190 399 1249 enim
416 1190 614 1251 Ciceronianae
634 1190 797 1249 imitationis
815 1190 983 1269 praeclaram
995 1190 1111 1250 laudem
1124 1208 1182 1249 uec
1195 1188 1268 1247 mibi
1283 1206 1401 1266 trogo,

322 1282 489 1359 (nonenim,
503 1282 596 1341 utilia
610 1282 660 1353 ait,
674 1281 888 1342 cuivisbomini
905 1282 1045 1360 contingit
1058 1281 1138 1341 adire
1156 1280 1339 1355 Corinthum)
1351 1300 1403 1339 ne·

319 1393 378 1453 que
397 1374 530 1452 cuiquam
548 1373 680 1433 invident
700 1374 763 1433 illos
780 1374 858 1451 ipsos
874 1385 982 1443 tamem
1000 1373 1104 1451 quihus
1122 1377 1213 1447 major
1229 1370 1337 1449 ingenii
1359 1372 1404 1431 ris
1449 1396 1457 1413 ·

320 1476 352 1524 et
360 1464 475 1525 fortuna
486 1465 618 1544 contigit,
628 1482 729 1544 parum
739 1464 863 1523 candide
875 1465 972 1525 heere
984 1474 1066 1544 puto,
1076 1462 1180 1523 mom
1193 1463 1280 1523 man
1291 1461 1402 1540 impris-

319 1558 423 1619 denter
436 1570 466 1619 et
478 1569 598 1631 temere,
612 1558 636 1618 si
649 1558 741 1617 nitore
753 1558 905 1617 verborum
917 1557 1014 1616 omnia
1023 1554 1235 1625 metiantur,de
1246 1554 1403 1615 manv

319 1668 384 1709 rum
403 1650 524 1709 veritate
543 1660 574 1709 et
594 1649 732 1726 gravitate
752 1666 854 1728 parum
872 1647 1048 1709 laborantes.
1098 1649 1181 1714 Quas
1192 1666 1251 1725 ego
1268 1665 1317 1706 me
1327 1664 1403 1705 nne

320 1750 469 1819 mentam
482 1740 627 1819 praecipue
640 1760 697 1799 nou
711 1740 876 1799 dissimulo:
897 1740 941 1799 sie
953 1750 1061 1810 umen,
1079 1750 1112 1798 ut
1129 1740 1218 1799 rerba
1235 1758 1294 1797 non
1305 1737 1402 1817 negli-

319 1850 429 1911 gerem.
468 1832 545 1893 Nam
558 1842 707 1909 utramque
721 1832 918 1894 difficultatem
940 1832 991 1910 (de
1003 1832 1106 1909 quihus
1118 1832 1206 1909 paulo
1218 1841 1289 1890 ante
1301 1830 1403 1891 dicere

318 1924 445 2001 memini)
456 1936 516 1985 tum
529 1924 717 2001 intelligendi,
727 1935 789 1984 tum
808 1925 972 2003 eloquendi,
986 1923 1153 1983 uiduitate
1165 1922 1324 2002 diligentiae
1341 1933 1402 1981 rto·

319 2018 369 2079 dui
388 2022 533 2098 superare,
553 2028 585 2078 et
597 2017 724 2079 dictione
743 2020 785 2079 nti
799 2018 885 2088 volui,
898 2038 965 2097 quos
981 2017 1052 2075 nihil
1071 2016 1192 2076 haberet
1209 2016 1401 2087 salebram

318 2122 369 2170 aut
381 2112 550 2171 barbarum:
571 2109 640 2169 nibil
655 2110 831 2181 amentum,
844 2120 895 2169 aut
913 2109 1050 2181 muniens,
1060 2108 1113 2169 sed
1125 2119 1155 2168 et
1167 2108 1266 2180 latina,
1276 2118 1308 2169 et
1319 2106 1400 2167 facili

317 2200 356 2261 nd
373 2201 602 2281 intelligendum,
624 2212 655 2261 et
677 2202 714 2261 sd
728 2203 818 2261 verbs
834 2201 1042 2261 Demosthenis
1060 2220 1146 2279 quam
1164 2199 1294 2280 proxim
1312 2218 1399 2259 aeae·

318 2295 416 2355 dente.
457 2294 628 2355 Necessario
640 2304 738 2355 tamen
756 2294 902 2353 interdum
921 2292 1353 2373 usurpandeiuerrmtqmedarn
1364 2290 1398 2349 in

318 2404 355 2443 aa
367 2386 485 2445 notione
495 2385 588 2444 minus
601 2384 722 2445 fortasse
742 2385 810 2445 trita
818 2384 973 2456 veteribus,
983 2384 1051 2465 quia
1062 2396 1122 2445 nrm
1136 2384 1254 2445 meliora
1263 2402 1324 2443 non
1343 2400 1397 2441 oc·

318 2476 484 2535 currebant.
522 2476 590 2542 Qua
609 2475 647 2535 de
660 2494 691 2534 re
705 2494 770 2535 oum
784 2476 866 2554 plura
878 2476 982 2536 dicturi
1000 2477 1089 2537 simus
1106 2477 1137 2536 in
1155 2476 1260 2536 nostris
1276 2483 1397 2535 annm*

317 2567 453 2638 tionibus,
466 2570 548 2647 (quas
562 2569 671 2628 utinam
680 2567 803 2628 fortunae
815 2569 948 2648 iniquitas
966 2570 1007 2630 ita
1025 2589 1073 2630 me
1085 2571 1227 2648 perlicere
1239 2577 1398 2648 μαθων,
1527 2631 1532 2652 ι

317 2669 353 2719 ut
363 2659 402 2720 ad
414 2679 510 2740 graece
522 2660 677 2739 legendum
691 2661 921 2722 Demosthenem
939 2663 1070 2722 omnibus
1081 2662 1192 2740 optima
1202 2681 1268 2721 cunr
1281 2679 1335 2739 spe
1346 2679 1398 2719 aa·

317 2751 422 2812 cedere
438 2751 555 2826 lioerm)
568 2772 643 2812 nnnc
656 2773 715 2813 non
734 2773 785 2814 ero
805 2753 937 2832 longior3
958 2773 995 2814 ac
1007 2753 1077 2812 mibi
1093 2753 1157 2812 iore
1169 2752 1341 2831 puudeo,
1352 2762 1397 2822 ut.

316 2843 452 2924 quicquid
465 2855 509 2904 est
523 2844 671 2918 ejusmodi,
684 2844 844 2922 ingentium
855 2846 987 2905 laborum
999 2863 1096 2922 uum,
1106 2863 1180 2922 quos
1196 2843 1280 2922 caepi
1294 2861 1397 2920 muns

317 2946 350 2995 et
361 2934 499 2994 candidus
516 2933 619 3005 lector,
641 2935 688 2994 vel
707 2934 893 2997 imbecillitati
911 2936 1087 3015 inqenii,vel
1106 2933 1345 3014 occupationibus
1363 2943 1396 2995 tt

316 3023 596 3086 incommoditatibus
609 3026 681 3086 meis
691 3026 821 3106 ignoscet
830 3039 861 3089 et
869 3030 1026 3090 condonet.
1051 3029 1118 3089 Nec
1131 3029 1207 3088 enim
1217 3026 1304 3086 rideo
1310 3025 1395 3104 plau·

317 3117 416 3178 dicere
426 3133 562 3194 quorsum
575 3117 704 3189 attinent,
713 3120 792 3199 apud
802 3131 834 3181 te
842 3122 1012 3199 nmertim,
1026 3121 1142 3180 Iouam
1151 3120 1249 3179 Incobe
1256 3119 1393 3196 Fsggere,

316 3208 360 3268 air
372 3205 558 3277 ornatisdme,
571 3209 620 3286 qui
633 3230 686 3288 pro
697 3210 806 3290 ingenii
817 3212 859 3272 tui
876 3212 1050 3274 excellentis
1062 3223 1093 3272 et
1105 3210 1245 3290 exquisite
1257 3209 1393 3270 moditia·

317 3319 365 3372 ne,
376 3319 441 3378 quse
453 3299 483 3358 in
494 3309 574 3361 tanto
587 3301 709 3362 fortune
722 3324 867 3386 opumque
874 3305 1003 3385 frodgio,
1016 3325 1053 3366 eo
1067 3315 1113 3366 eat
1121 3303 1323 3374 admirabilior,
1335 3319 1393 3380 (1¹¹⁰

317 3391 415 3464 rarior,
435 3401 515 3452 tanto
534 3393 638 3454 melius
656 3395 797 3456 mstimaro
816 3407 910 3476 potes,
928 3397 1000 3477 quid
1019 3398 1057 3457 sit
1076 3397 1115 3458 de
1133 3396 1191 3456 b‘oc
1209 3415 1278 3456 meo
1294 3395 1394 3454 labore

316 3481 506 3559 sentiendum,
515 3495 652 3563 quantum
665 3488 821 3566 prudentia
832 3500 863 3548 et
876 3489 1003 3550 cendone
1015 3489 1127 3549 ceteris
1138 3486 1296 3548 antecellis.
1326 3484 1393 3549 Qut

316 3593 350 3633 re
363 3593 420 3652 ego
432 3575 522 3636 fretus
535 3585 565 3635 et
577 3577 737 3638 eruditione
754 3589 816 3657 tua,
835 3589 866 3640 et
883 3580 1061 3640 humanitate
1079 3579 1227 3658 singulari,
1240 3595 1326 3657 quun
1340 3575 1392 3634 bo-

316 3665 492 3726 nestissimus
503 3667 555 3740 vir,
568 3669 705 3746 Georgius
718 3671 901 3743 Hemonam,
913 3671 963 3749 qui
977 3674 1023 3751 (ut
1035 3691 1074 3732 eo
1084 3671 1203 3749 diguam
1213 3681 1266 3741 cst,
1278 3667 1328 3747 qui
1338 3666 1391 3726 sin

315 3765 406 3816 tatem
417 3769 447 3818 et
457 3759 644 3820 eruditionem
656 3781 722 3822 cnm
734 3773 845 3823 omnam
853 3764 1034 3842 fortuneque
1046 3763 1220 3823 ornamentis
1233 3758 1394 3836 eutimii)

315 3849 390 3910 inter
403 3860 524 3914 coemros
537 3852 686 3925 studiosos,
700 3855 803 3933 qmbus
818 3855 920 3916 sedulo
939 3856 1102 3916 consultum
1121 3855 1193 3926 uult,
1212 3873 1260 3914 me
1278 3868 1392 3932 quoqne

314 3961 421 4022 magna
429 3944 629 4004 benevolentia
640 3948 828 4026 prosequitur,
840 3948 943 4008 mirum
951 3949 983 4006 in
996 3949 1115 4010 modum
1128 3948 1197 4008 mibi
1209 3946 1391 4027 praedicavit:

315 4045 347 4096 te
360 4055 418 4095 nnn
431 4035 519 4094 modo
531 4045 683 4114 patronum
697 4049 728 4097 et
737 4037 928 4110 defensorem,
941 4040 1094 4101 sedetiam
1105 4040 1234 4119 judicem
1246 4048 1278 4097 et
1289 4055 1390 4098 censo·

313 4145 376 4186 rem
389 4126 616 4188 lucubrationum
628 4147 756 4188 meorum
769 4129 875 4209 delegi.
915 4133 963 4190 Ac
975 4133 1054 4211 quod
1066 4131 1210 4210 adipsum
1220 4127 1392 4189 Demosthe·

314 4235 380 4276 nem
395 4217 510 4296 attinet,
524 4229 618 4278 esest
632 4219 669 4278 de
683 4222 746 4297 ejus
760 4220 934 4299 eloquentia,
948 4241 987 4282 ex
1000 4243 1059 4301 quo
1072 4234 1202 4300 tempore
1216 4220 1297 4288 vixit,
1310 4217 1390 4278 auoit

315 4307 419 4370 abhinc
433 4312 494 4372 iere
507 4311 551 4372 bis
571 4311 648 4371 mille
667 4323 816 4398 praecepta
825 4313 932 4390 opinio,
946 4325 989 4386 ut,
1003 4315 1081 4393 quod
1093 4315 1132 4373 de
1143 4313 1263 4391 Virgilio
1274 4308 1388 4388 quidm

316 4414 459 4476 usurpant,
472 4405 502 4464 id
515 4405 582 4466 huic
594 4423 707 4484 quoque
720 4405 803 4463 tribui
822 4404 930 4483 poenit:
951 4406 979 4464 ei
998 4425 1055 4465 nec
1075 4406 1218 4465 accedere
1236 4401 1388 4482 quoquae

315 4488 534 4570 laudationibus,
559 4517 613 4578 uec
633 4497 776 4576 decedere
800 4497 1053 4578 vituperationibus
1074 4497 1204 4560 aliorum.
1254 4491 1342 4562 Quod
1364 4509 1388 4552 ΙΙ
