3150 5125
489 380 551 441 AD
572 378 925 446 Demosthenem.
949 423 953 434 ·
1252 390 1296 449 co·

190 532 540 607 dishnns'inedltetlone,
555 534 735 615 nequeatis
747 536 895 619 digestum
914 554 994 611 esso·
1009 538 1062 599 sod
1075 538 1173 598 subito
1185 557 1226 599 ex
1237 540 1292 602 od:
1347 544 1350 551 '
1410 550 1414 557 '

190 624 322 685 versariis
335 625 468 700 effusum,
483 628 600 689 temetsi
617 646 678 687 non
691 628 819 690 dicerem
838 632 924 709 ipses
933 630 1112 711 qnod‘ssepe
1123 620 1215 703 socio,
1227 632 1291 710 ipro

190 724 288 775 tumen
302 717 373 777 setis
386 719 533 797 proderet.
568 718 617 778 Sic
631 730 728 781 eutem
741 720 880 781 scribenti
891 742 952 781 non
965 722 1064 783 omnin
1075 722 1143 782 loco
1156 741 1211 783 suo
1224 742 1291 784 suo·

190 820 318 869 currunt.
359 813 458 889 Agens
482 810 581 889 itsque
604 810 663 871 hoc
683 812 861 890 prelationis
881 812 1086 893 supplemento
1105 812 1231 893 primum
1250 813 1290 874 de

189 900 364 976 discrimine,
379 905 458 985 quod
472 912 625 983 utromque
639 904 849 967 Demosthenis
868 905 1026 967 editionem
1041 903 1191 977 Altinum,
1205 916 1289 967 vetu-

188 996 307 1056 stiorem
323 1007 356 1056 et
369 997 527 1073 juniorem,
545 994 699 1057 intercedit
709 1019 718 1067 ;
747 1009 812 1057 tum
832 999 870 1059 de
890 998 1019 1059 editione
1035 996 1193 1068 Felicieni3
1220 1008 1288 1076 post

187 1086 226 1147 de
237 1088 340 1149 codice
354 1091 528 1168 Augustnno
542 1089 694 1168 sexto,qui
708 1108 804 1170 nuper
816 1090 942 1162 demum,
956 1108 1058 1151 mense
1072 1089 1185 1151 Martio
1198 1090 1287 1169 hujus

155 1232 159 1239 .
187 1179 255 1239 euni
270 1180 360 1244 1770.
380 1181 420 1239 ed
439 1200 487 1240 me
507 1181 638 1260 perlatus
658 1192 713 1241 est.
755 1182 877 1242 Addsm
897 1182 1035 1251 tribulem,
1055 1200 1112 1261 qun
1130 1179 1285 1242 divisiones

188 1271 352 1332 orationum
365 1272 652 1333 demosthenicnrum
666 1272 826 1344 exhibebo,
841 1272 946 1351 quibus
958 1281 1073 1332 veteres
1087 1273 1252 1344 utebantur,
1267 1292 1287 1334 e

128 1352 133 1363 ’
187 1363 292 1423 codice
306 1364 470 1445 annrico;
495 1376 560 1423 tum
572 1364 658 1423 slism
671 1364 807 1425 tobulnm
816 1363 959 1437 locorum,
974 1381 1048 1442 qnos
1061 1364 1203 1424 erbitretu
1215 1384 1284 1425 meo

187 1472 228 1515 ex
242 1455 360 1533 ingenio
374 1476 441 1517 meo
455 1454 539 1516 uliter
551 1455 679 1531 exhibui,
699 1466 785 1534 etque
794 1455 941 1533 *leguntur
958 1454 989 1513 in
1003 1454 1083 1514 libris
1096 1454 1284 1535 rulgnnbus3

186 1546 302 1607 tertium
321 1547 456 1627 denique,
478 1567 537 1627 qus
554 1546 728 1607 lectiones:a
741 1544 862 1632 Wolfio,
884 1539 1147 1626 Teyloro¹nliisque
1162 1550 1284 1627 excogi-
1352 1602 1361 1609 .

188 1648 275 1712 tetes,
293 1650 324 1699 et
337 1658 355 1699 a
368 1660 414 1699 me
431 1640 461 1699 in
483 1650 595 1699 textum
616 1650 759 1719 receptas,
780 1636 1004 1717 representubo.
1047 1637 1200 1699 Postremo
1217 1639 1285 1699 loco

187 1732 305 1791 nomina
316 1732 400 1792 edem
414 1750 523 1801 eorum,
540 1730 589 1809 qui
606 1731 745 1809 pecunias
766 1730 798 1789 in
816 1730 896 1789 hunc
915 1728 1040 1810 primum
1054 1730 1152 1810 operis
1167 1730 1226 1793 mei
1239 1742 1284 1793 to·
1412 1743 1416 1749 ’

186 1842 272 1973 muml
274 1822 320 1977 lig]
322 1836 504 1887 antecessum
519 1840 639 1903 crogare
653 1823 819 1905 voluerunt,
834 1842 908 1903 quos
921 1822 1009 1903 volgo
1028 1822 1280 1887 Proenumernntes

186 1932 262 1994 Eppe
322 1927 344 1977 ῑο

565 2326 693 2397 SEGT.
717 2325 907 2397 XXVIII.
1011 2406 1015 2413 ,

487 2502 534 2562 Dc
547 2503 698 2563 discrimine
710 2504 852 2582 utriusque
865 2502 984 2563 Aldine.

226 2657 339 2719 Sorsx
350 2677 378 2738 p.
388 2651 475 2717 cxlix.
486 2657 666 2736 prelationis
676 2658 822 2732 offirmari,
828 2657 971 2734 Judicium
979 2654 1171 2739 precipimus,
1178 2677 1211 2720 re
1219 2677 1278 2719 non

184 2751 253 2814 satis
268 2751 426 2831 explorata,
441 2751 540 2811 embes
556 2734 680 2831 ¹Aldinss
693 2751 865 2832 paginarum
878 2763 910 2811 et
920 2771 1055 2812 versuum
1067 2766 1189 2812 nurnero
1202 2752 1278 2812 inter

182 2865 215 2906 se
230 2843 395 2904 convenire.
436 2843 471 2901 In
485 2861 543 2922 quo
556 2861 605 2902 me
617 2841 723 2902 felsum
737 2841 838 2914 fuisse,
852 2843 983 2923 aliosque
1000 2844 1218 2924 imprudentem
1237 2841 1281 2902 fe-

182 2936 301 3008 fellisse,
316 2955 364 2996 ine
377 2935 477 2996 docuit
485 2923 669 3015 postmodum
683 2935 851 3014 diligentior
865 2937 1014 3015 utriusque
1026 2936 1179 3015 inspectio.
1210 2935 1280 2995 Dis-

181 3030 310 3090 sentiunt
330 3029 478 3089 enimvero
498 3028 557 3087 illoe
578 3027 645 3087 duoe
666 3027 811 3088 editiones
828 3029 906 3088 inter
925 3047 968 3101 se,
982 3047 1041 3087 non
1059 3028 1090 3087 in
1103 3029 1278 3090 lectionibus
1367 3107 1371 3112 V
1405 3013 1411 3022 ’

181 3121 279 3195 modo,
301 3122 355 3182 sed
372 3121 461 3181 etiem
480 3120 577 3180 multis
598 3118 659 3180 eliis
677 3121 774 3182 rebus.
816 3120 986 3182 Toediosum
1004 3120 1043 3181 sit
1062 3120 1197 3198 exemplo
1216 3124 1279 3196 ejus

98 3213 106 3222 '
181 3215 225 3274 rei
238 3214 328 3274 mults
340 3231 519 3294 proponere3
538 3217 622 3290 juvet
631 3221 729 3274 temen
741 3213 876 3292 qnaeddm
889 3215 1045 3275 observatu
1058 3211 1190 3272 faciliore
1202 3212 1279 3272 etin

148 3349 153 3362 .
183 3306 284 3375 oculos
302 3305 399 3366 stetim
411 3304 588 3366 incurrentis
600 3303 684 3383 signe
697 3303 796 3378 edere,
816 3323 917 3364 eorum
936 3305 966 3363 in
981 3301 1114 3383 gradem,
1128 3303 1153 3363 si
1165 3302 1216 3381 qui
1227 3314 1294 3365 sut.

182 3409 314 3458 vetustos
327 3397 416 3457 libros
429 3415 564 3458 coemere
579 3405 686 3469 ament,
701 3407 752 3456 eut
764 3391 884 3457 historin
895 3395 1041 3456 nascentis
1055 3393 1125 3456 ortis
1137 3406 1279 3474 typogra-

182 3490 280 3578 phicoe
294 3488 486 3561 delectantur,
498 3499 548 3550 sut
563 3487 693 3548 criticsm
703 3498 857 3548 exercent.
878 3487 991 3553 Quibus
999 3487 1278 3563 bendinjucundnm
1353 3516 1357 3532 ν
1384 3507 1390 3516 ·

181 3581 246 3641 fore
265 3599 351 3660 spero
370 3580 444 3640 hsnc
465 3581 503 3640 de
523 3579 631 3640 Aldine
650 3579 859 3640 Demosthenis
880 3578 1122 3640 dhsertstionem.
1162 3579 1200 3638 ln
1212 3578 1278 3659 ipso

180 3676 278 3736 stetim
289 3674 501 3754 tituloinsignis
512 3684 543 3734 et
552 3673 670 3734 evidens
682 3673 859 3754 conspicitur
872 3671 1076 3752 discrepantis.
1103 3672 1278 3754 compendii

179 3789 268 3830 oense
281 3768 471 3842 vetustiorem
489 3765 646 3847 eppellebo
667 3765 709 3826 A.
726 3767 872 3841 juniorem
892 3765 928 3825 B.
969 3766 1006 3825 In
1021 3768 1061 3827 Α.
1075 3766 1174 3846 itaque
1187 3785 1275 3826 versu

179 3863 275 3942 primo
287 3861 373 3922 litere
386 3860 473 3921 tertie
486 3857 621 3921 vocabuli
642 3859 726 3934 λόγοι
746 3868 864 3919 excreta
880 3867 927 3919 est
938 3858 984 3920 sic
998 3864 1064 3934 s(ut
1076 3859 1103 3919 Γ
1113 3859 1209 3920 minus
1230 3878 1277 3918 re·

180 3956 266 4034 ferat)
280 3955 310 4015 in
327 3955 364 4016 B.
382 3963 480 4014 cutem
496 3979 526 4029 γ.
569 3953 664 4013 Versu
684 3950 813 4012 secundo
831 3951 938 4031 legitor
958 3952 988 4013 in
1009 3953 1046 4011 A.
1066 3951 1219 4012 nlroioin
1237 3949 1274 4009 B.

220 4086 236 4120 r

124 4208 129 4217 ¹
180 4145 269 4200 obeo.
312 4141 373 4202 Sed
384 4151 509 4220 uterque
523 4138 679 4220 delphinus
692 4138 823 4220 inprimis
840 4148 886 4198 est
899 4134 1113 4197 dissimillimus.
1128 4142 1161 4198 et
1173 4131 1277 4194 toedio·

165 4223 244 4295 'sum
258 4234 307 4310 sit,
322 4251 418 4312 neque
430 4232 517 4292 facile
531 4229 597 4304 lint'
605 4243 640 4292 ut
653 4231 783 4293 oratione
798 4232 997 4291 demonstrem
1009 4226 1090 4286 illnm
1109 4225 1278 4304 discrepen-

179 4329 269 4398 tiern;
296 4325 385 4386 oculis
399 4325 494 4406 potius
513 4335 669 4405 utrumque
687 4325 838 4404 subjiciam
857 4323 939 4402 ligno
956 4320 1090 4391 incisum,
1112 4318 1150 4377 sb
1172 4317 1273 4393 Helio,

181 4417 314 4478 Helense
330 4418 435 4492 Sucro,
449 4417 556 4480 solerte
569 4417 690 4494 artifice,
704 4417 753 4498 qui
768 4414 857 4478 etiam
870 4413 1004 4495 exemplo
1014 4423 1151 4493 typorum
1161 4409 1279 4472 Aldino·

227 4537 302 4580 von.
324 4539 347 4582 1.
748 4525 799 4580 ic
