3150 5125
379 414 436 475 tn
458 414 577 477 SUUM
599 414 820 502 DEMOSTH.
842 414 1060 477 PBAEFATT.
1216 414 1262 473 xlv

181 579 337 651 spectetur,
349 588 407 631 uun
422 569 501 650 vulgi
514 572 676 651 applausus,
686 569 736 651 qui
746 569 871 631 moltunn
892 568 1031 645 ajndicio
1043 568 1193 629 doctorum
1206 568 1264 629 dis·

180 664 265 735 sidet,
278 663 452 723 antecellat:
475 670 573 723 nmen
584 676 619 723 nt
631 664 680 724 illa
689 664 859 743 ipsaVenns
870 663 962 722 multo
974 662 1052 721 haud
1065 660 1152 720 dubie
1160 660 1262 721 fuisset

181 754 423 833 admirabilibusi
445 774 547 815 manua
568 757 656 815 ctiam
675 767 706 815 et
724 756 815 834 pedes
834 773 870 814 ac
890 764 997 814 catera
1017 753 1147 812 membra
1166 750 1263 813 omnic

180 848 243 927 pari
255 848 405 909 elaborata
416 845 539 907 artificio
552 848 760 917 accessissent:
782 846 826 907 sic
838 864 875 905 aa
885 864 1000 925 quoque
1013 844 1177 923 eloquentia
1188 843 1263 901 mul·

181 949 212 999 tu
232 938 486 1019 prestantiores,
504 958 569 1019 que
582 959 640 999 non
654 940 832 999 dimidiatam
845 940 985 998 duntaxat
1006 937 1196 1007 elocutionem
1210 938 1263 1008 ba·

180 1030 242 1103 bet,
252 1031 310 1091 hoc
324 1042 379 1103 est,
391 1032 545 1091 verborum
558 1042 588 1089 et
600 1032 809 1091 sententiarum
829 1041 1006 1100 ornamenta,
1019 1030 1073 1091 scd
1091 1030 1262 1108 perlectam,

182 1124 248 1200 quoe
261 1121 409 1183 sententiis
420 1134 451 1182 et
464 1122 638 1201 argumentis
651 1123 762 1183 ratione
782 1123 905 1183 inuentis
925 1132 1013 1201 atque
1026 1121 1127 1182 ordine
1140 1122 1265 1181 colloca·

182 1215 229 1286 us,
242 1234 300 1273 uon
313 1225 406 1275 mutas
418 1216 525 1293 figuras
539 1215 695 1287 literarum,
709 1216 763 1275 sed
776 1236 889 1289 vocem,
903 1216 1021 1286 cultum,
1034 1225 1145 1293 gestum
1160 1225 1191 1273 et
1201 1232 1264 1272 mo·

184 1315 245 1365 tum
257 1307 344 1366 totius
362 1308 487 1387 corporis
500 1308 685 1368 artificiosum
696 1318 727 1367 et
737 1309 900 1383 decentem,
913 1308 1113 1370 accommodat
1124 1318 1156 1366 et
1167 1307 1266 1385 adjun-

183 1398 237 1477 git.
278 1400 383 1478 Neque
395 1401 461 1459 haec
473 1401 504 1459 ia
518 1400 692 1461 orationibus
713 1401 811 1470 modo,
832 1400 933 1461 sedin
952 1400 1092 1481 poematia
1111 1400 1207 1471 eham,
1228 1418 1265 1459 ac

185 1491 278 1550 multo
298 1493 399 1570 magis,
421 1492 607 1552 animadverti
626 1502 755 1571 pessunt.
795 1492 947 1571 Virgilium
960 1493 1036 1553 anim
1050 1494 1095 1570 (ut
1113 1512 1171 1551 non
1183 1491 1266 1569 igno·

186 1581 252 1641 bilis
265 1582 445 1660 grammatici
465 1583 558 1642 verbis
571 1584 646 1659 utar)
664 1583 866 1661 pronunciasse
885 1584 1010 1644 maxima
1025 1584 1166 1643 enaritate
1186 1602 1270 1642 acce·

186 1673 291 1753 pimus,
306 1683 337 1732 et
349 1673 426 1733 nima
438 1674 606 1735 lenociniis:
627 1692 663 1734 ec
682 1674 794 1735 Julium
813 1675 956 1753 quendam
973 1675 1146 1735 Montmum
1168 1674 1267 1734 dicere

185 1764 312 1836 solitum,
334 1764 525 1825 inuolaturum
551 1785 584 1827 se
609 1767 741 1845 quedam
763 1766 937 1845 Virgilio‚si
958 1778 1100 1827 etsocem
1113 1778 1221 1845 posset,
1236 1776 1268 1827 at

185 1876 227 1927 cs,
242 1868 273 1916 et
285 1856 472 1935 hypocrisim.
505 1857 633 1918 Emdem
647 1858 722 1918 eninr
735 1878 836 1918 versus
849 1878 886 1919 eo
899 1858 1116 1938 pronunciante,
1129 1859 1207 1918 bane
1219 1878 1267 1919 so·

184 1966 271 2007 nare:
290 1948 353 2009 sine
371 1948 431 2019 illo,
444 1948 607 2010 inarescere
621 1950 702 2030 quasi
715 1960 820 2011 mutos.
861 1950 939 2017 Quid
951 1955 1012 2025 jam
1025 1950 1064 2010 de
1077 1949 1269 2010 conversioni·

184 2040 242 2099 bus·
253 2050 297 2100 eet
308 2039 486 2101 dicendum?
506 2062 571 2121 quse
585 2062 652 2103 oum
664 2048 710 2120 (ut
722 2044 764 2101 ita
776 2042 882 2119 dicam)
894 2042 1038 2103 simulacri
1056 2042 1217 2112 simulacra,
1236 2052 1268 2102 et

186 2134 349 2211 umbrarum
362 2134 471 2193 umbrae
484 2132 550 2207 sint,
570 2154 607 2195 an
621 2135 683 2194 fieri
705 2135 765 2194 ullo
785 2134 875 2194 modo
894 2135 996 2214 possit,
1015 2144 1049 2192 ut
1071 2134 1161 2212 (quod
1180 2134 1268 2212 paulo
1308 2134 1312 2143 '

186 2234 254 2285 ante
267 2224 340 2302 diui)
353 2224 462 2304 optimc
476 2226 644 2305 exemplari,
656 2226 719 2304 pari
733 2238 763 2285 et
775 2226 908 2285 bonitate
920 2235 951 2283 et
961 2224 1019 2283 lide
1032 2226 1141 2302 optima
1151 2244 1271 2303 reapon-

188 2318 285 2387 deant,
299 2317 432 2397 equidem
446 2318 553 2379 nescio.
595 2318 638 2378 Ut
650 2318 728 2376 enim
746 2316 882 2388 nationis,
894 2317 936 2376 sic
949 2315 1035 2375 etiam
1048 2316 1155 2393 linguoe
1173 2319 1269 2394 cujus·

187 2428 245 2486 que
256 2409 411 2487 peculiaris
425 2420 456 2469 et
469 2408 572 2467 alicubi
584 2426 698 2485 prorsus
711 2418 755 2467 eet
774 2407 948 2468 immitabilis
961 2406 1082 2478 Genius,
1096 2407 1200 2467 diversi
1210 2426 1272 2466 mo·

188 2520 247 2572 res,
262 2502 375 2562 diversa
386 2501 519 2560 imtituta
531 2509 562 2559 et
574 2519 652 2579 saepe
666 2500 816 2572 contraria,
830 2520 896 2580 qum
908 2509 1027 2562 necesse
1044 2511 1091 2560 eat
1110 2500 1197 2559 etiam
1215 2518 1270 2566 suc
1300 2504 1307 2509 '

189 2595 317 2672 quodam
328 2593 464 2654 orationis
477 2611 584 2672 genere
597 2594 746 2672 explicari,
760 2615 826 2672 quae
838 2595 896 2653 anis
908 2595 1003 2654 verbis
1013 2595 1154 2672 jucunde,
1168 2593 1270 2653 alienis

191 2683 313 2746 moleste
331 2686 473 2746 dicuntur.
521 2685 609 2751 Quod
629 2685 725 2765 cipro
748 2686 850 2745 iisdem
871 2684 974 2744 similia
994 2685 1064 2744 velis
1086 2686 1271 2756 substituere,

191 2777 316 2838 maxims
326 2788 423 2836 tamen
434 2777 490 2835 erit
501 2776 683 2836 nihilominus
692 2777 722 2835 in
736 2796 772 2838 ea
785 2775 968 2837 similitudine
978 2775 1185 2836 dissimilitudo.
1214 2775 1274 2836 Sed

191 2881 224 2930 ut
237 2871 295 2929 hoc
309 2869 457 2929 Ciceronis
471 2869 609 2929 divinitati
628 2869 735 2947 ingenii
749 2879 779 2929 et
790 2869 902 2928 meritae
914 2868 1059 2928 autoritati
1070 2868 1192 2930 fortusse
1204 2887 1274 2928 con·

191 2981 305 3023 cessum
315 2961 381 3033 suit,
399 2972 487 3040 utque
502 2960 564 3022 aliis
582 2961 713 3040 ejusdem
733 2961 837 3033 stans,
851 2979 908 3040 qua
922 2970 953 3020 et
965 2979 1062 3039 greca
1074 2970 1105 3019 et
1117 2961 1207 3020 latina
1218 2960 1272 3018 lin·

192 3056 250 3132 'gua
262 3053 430 3124 floruerunt,
449 3053 690 3132 praeetantissimis
708 3051 792 3113 viris:
820 3053 863 3112 ite
882 3053 974 3131 nobis,
992 3052 1043 3130 qni
1055 3051 1204 3130 utriusque
1215 3050 1275 3110 fra·

191 3155 309 3223 gments
320 3145 349 3202 in
361 3140 477 3223 ‘scriptis
490 3144 630 3204 habemus
644 3145 762 3223 reliqua,
775 3143 826 3223 qui
844 3144 955 3222 magnis
968 3143 1184 3203 difficultatibus
1204 3162 1275 3202 cen·

192 3238 345 3310 flictamur,
358 3237 434 3310 illud
446 3238 525 3309 satia
539 3238 648 3317 opinor,
662 3255 726 3297 esse
739 3237 837 3309 debet,
850 3231 1043 3298 si'sententiss
1055 3239 1133 3296 bona
1146 3237 1215 3306 lide,
1225 3255 1273 3296 eo-

195 3327 317 3405 demque
331 3329 431 3388 ordine
444 3328 675 3409 appenderimus,
687 3340 717 3388 et
730 3347 824 3406 genua
842 3327 977 3388 orationis
989 3327 1076 3388 facile
1089 3340 1121 3388 et
1133 3329 1273 3388 mundum

179 3418 426 3496 adhibuerimus:
446 3420 610 3498 inquorum
628 3431 751 3499 utroque
771 3440 831 3480 non
851 3440 940 3500 parva
959 3431 1042 3480 certa
1053 3431 1099 3479 est
1111 3419 1274 3480 difficultas.

196 3511 257 3570 Sed
269 3511 298 3570 in
312 3511 483 3590 eloquendo,
497 3531 582 3591 quarn
602 3513 800 3591 intelligendo,
820 3513 909 3590 longe
926 3515 1026 3590 major.
1066 3515 1164 3578 Quare
1176 3513 1273 3572 valere

196 3621 246 3662 eos
264 3604 353 3681 jubeo
368 3604 445 3682 (nam
460 3604 498 3662 ob
507 3603 681 3682 paucitatem
691 3613 722 3663 et
733 3604 877 3682 ignaviam
889 3604 982 3663 minor
994 3622 1093 3662 eorum
1107 3604 1197 3663 debet
1209 3621 1274 3663 csse

196 3695 433 3775 autoritas),quia
443 3713 601 3773 graecum
610 3695 754 3756 literarum
765 3696 969 3776 interpretibus
978 3695 1086 3773 ubique
1093 3696 1276 3774 splendorem

197 3787 428 3859 Ciceronianum,
447 3788 505 3847 hoc
518 3796 571 3858 est,
585 3805 689 3864 aquam
708 3788 863 3866 epumice,
882 3798 996 3867 petum.
1035 3787 1125 3853 Quasi
1137 3805 1207 3847 vero
1226 3805 1276 3846 ea·

152 3911 153 3914 ¹
197 3880 264 3939 dem
278 3880 335 3940 sint
351 3889 482 3960 tempora
499 3889 607 3950 metra,
626 3899 690 3957 qum
709 3879 877 3940 Ciceronis:
897 3890 927 3940 et
944 3899 1004 3940 non
1019 3879 1091 3938 illud
1104 3899 1219 3958 quoque
1237 3878 1276 3938 sit

197 3991 294 4054 operm
312 3975 444 4053 pretium,
466 3973 600 4050 adjuvare
620 3973 751 4033 homines
770 3973 923 4043 studiosos,
942 3985 976 4032 nt
988 3972 1110 4052 primum
1122 3991 1176 4052 per
1188 3972 1276 4032 inter·

196 4075 317 4143 pretem,
338 4077 485 4144 utcunque
505 4065 594 4126 latim
615 4065 825 4125 balbutientem
848 4064 968 4124 audiant
988 4065 1224 4132 Demosthenem,
1245 4071 1276 4122 et

198 4167 258 4215 tum
280 4157 309 4214 ln
330 4157 414 4217 litore
431 4157 618 4227 balbutiebut,
640 4167 794 4237 antequam
805 4156 853 4228 ἧκε
865 4161 956 4237 φέρων
967 4161 999 4217 τὰ
1012 4185 1028 4238 p
1043 4157 1278 4238 pcpqropevpte'ucr,

197 4247 301 4327 lapillis
319 4248 425 4327 linguae
447 4249 605 4326 subJectis:
624 4260 691 4328 post
708 4249 948 4328 etiamexpedite
968 4260 999 4308 et
1019 4247 1163 4326 magnaei
1177 4245 1206 4302 in
1220 4244 1277 4304 fre·

197 4341 313 4418 quentia
326 4341 424 4420 populi
438 4341 623 4402 Atheniensis
636 4343 731 4402 Attice
742 4341 962 4402 concionantem
970 4339 1114 4401 audimrit
1154 4339 1279 4404 Quodsi

201 4433 282 4492 nefas
304 4452 367 4493 esse
388 4445 498 4511 putant,
520 4433 708 4494 contaminari
730 4434 806 4493 male
829 4431 1021 4493 describendo
1041 4429 1278 4503 Demosthenem,

201 4515 321 4601 primum
336 4526 425 4586 abeis
438 4528 588 4604 postulabo
598 4530 664 4605 jure
678 4527 795 4606 optimo,
807 4536 840 4586 ut
851 4546 896 4600 ea,
910 4544 974 4602 quse
988 4522 1213 4602 reprehendunt,
1226 4524 1278 4605 ipsi
