3150 5125
299 394 447 473 uxrxuu'
640 410 803 473 uersum
827 408 1048 471 euersum

300 565 352 635 vit,
366 575 398 624 ut
410 582 495 643 pene
505 561 654 632 furiosum,
667 564 942 628 inconsultissimum
952 576 1047 640 certe,
1059 582 1093 624 se
1103 563 1238 643 gesserit,
1247 563 1409 645 tome

301 674 383 715 suem
396 673 512 715 omnem
526 654 672 715 everterit.
714 656 918 737 Apostropboe
935 669 1016 718 eruat
1034 656 1086 717 ille
1099 656 1197 716 codex
1211 668 1246 715 ut
1260 661 1336 716 reor·
1349 677 1408 736 pro

302 759 400 817 muru,
422 748 477 807 ἐστ’
497 766 550 825 pro
569 748 637 818 ἐστὶ,
652 758 711 809 etc.
751 750 852 830 Leges
872 760 904 811 et
922 748 1099 819 testimonie,
1122 748 1256 809 somme
1273 751 1408 828 denique

301 839 449 917 plermque
462 836 674 898 desiderentur.
714 842 782 907 Quo
795 842 839 912 fit,
854 853 888 902 ut
901 858 1045 921 nequeam
1058 840 1188 920 Teylom
1207 841 1342 900 esseutiu'
1356 842 1408 901 ei*-

302 930 428 991 firmano·
441 930 651 993 Berocciunum
672 944 703 991 et
724 933 887 995 Perisinnm
909 935 1047 1015 primum,
1064 932 1098 991 in
1117 932 1247 1012 plurimis
1263 933 1344 1012 Aug.
1357 952 1408 1011 pr.

301 1022 532 1095 consentientes,
546 1042 583 1083 ex
596 1024 703 1085 eodem
717 1026 801 1087 fonte
812 1027 931 1089 haustos
951 1044 1027 1087 esse.
1040 1044 1109 1086 num
1122 1042 1190 1105 qum
1200 1025 1337 1085 formuloe
1350 1026 1409 1085 de·

303 1124 372 1177 sunt
395 1116 582 1195 Augusteno,
604 1135 648 1177 em
670 1129 739 1177 sunt
759 1118 790 1177 in
810 1119 877 1179 illis.
917 1116 1092 1179 Lectionum
1113 1117 1200 1192 hujus
1221 1118 1335 1179 codicis
1355 1119 1409 1177 rix

304 1208 421 1269 tertiam
434 1219 548 1287 purtem
561 1207 644 1269 dedit
657 1208 750 1283 wolf,
764 1230 818 1271 seu
831 1210 911 1291 quod
926 1210 1028 1271 Simon
1041 1208 1192 1269 Fabricius
1211 1226 1263 1269 eas
1283 1221 1409 1289 preter·

305 1298 389 1371 vidit,
413 1318 467 1381 sep
485 1300 564 1380 quod
576 1300 671 1371 Wolf,
683 1321 702 1363 e
716 1302 851 1363 Fabricio
864 1304 1009 1373 enotatis,
1022 1300 1174 1382 expunxit,
1187 1300 1279 1372 leves,
1301 1312 1333 1361 et
1344 1302 1409 1361 edi-

307 1391 389 1453 tione
398 1392 533 1471 indignas
542 1393 689 1475 judicent.
731 1394 818 1476 Sepe
828 1414 945 1474 quoque
958 1394 1046 1455 foleus
1054 1393 1083 1453 ei
1095 1393 1263 1470 imputeviu
1275 1392 1406 1473 quisquis

305 1484 373 1556 fuit,
383 1504 436 1547 seu
450 1485 608 1557 Fabricius,
622 1506 675 1547 seu
690 1486 782 1559 Wolf,
794 1506 847 1547 seu
860 1506 960 1566 opere
974 1484 1190 1565 Episcopieme.
1222 1484 1309 1565 Sepe
1321 1505 1406 1547 suum

308 1576 347 1637 de
359 1577 418 1637 illis
429 1578 571 1656 judicium
581 1576 765 1657 interposuit,
778 1598 838 1639 non
851 1578 1013 1650 Fabricius,
1031 1576 1087 1637 sed
1100 1575 1192 1636 wolf.
1233 1577 1322 1656 Smpe
1334 1598 1408 1657 quo-

308 1686 367 1747 que
393 1686 459 1729 sues
484 1674 668 1744 conjectures
692 1669 856 1731 immiscuit„
898 1670 1092 1748 conjectures
1115 1666 1252 1728 lectionis
1276 1670 1409 1729 verietsti

308 1758 489 1821 Fabricienee
502 1760 652 1833 immistas,
665 1770 716 1821 eut
728 1769 840 1833 omnes,
861 1772 914 1821 aut
925 1761 1091 1840 pleresque,
1104 1778 1124 1819 a
1136 1758 1246 1821 Wolfio
1258 1761 1408 1839 profem

306 1868 384 1921 ue,
398 1851 574 1911 documento
587 1862 633 1911 est
652 1852 735 1913 locus
752 1852 783 1912 in
803 1864 878 1913 oret.
900 1852 931 1911 in
944 1851 1128 1911 Iaeodmrem
1141 1870 1170 1930 p.
1185 1856 1257 1913 618.
1271 1853 1367 1914 unci
1377 1854 1408 1916 in

270 1996 274 2001 .
308 1944 437 2006 lectione
451 1944 624 2005 Febriciena
637 1956 668 2004 et
681 1946 712 2004 in
725 1955 870 2005 annotatt
890 1943 1043 2003 Wolfieuis
1058 1941 1161 2003 eedem
1178 1943 1328 2021 profertur
1337 1964 1407 2003 mn·

307 2042 432 2119 iectura.
468 2038 628 2100 Lectiones
646 2038 710 2100 illes
724 2056 743 2099 e
756 2038 867 2099 Wolfio
887 2038 982 2099 editas
996 2055 1065 2098 cum
1084 2046 1252 2109 tractorem,
1265 2056 1345 2117 sepe
1357 2037 1409 2097 fle·

309 2133 372 2205 bat,
396 2141 429 2190 ut
453 2131 539 2192 sedes
561 2150 673 2209 earum,
697 2132 815 2191 temetsi
838 2130 908 2191 tutis
927 2130 1006 2191 horis
1030 2147 1173 2208 querens,
1198 2129 1328 2209 reperire
1349 2149 1409 2189 uon

309 2244 435 2307 possem.
477 2222 577 2305 Coepit
596 2224 697 2303 itaque
711 2242 758 2285 me
772 2223 949 2285 desiderium
968 2220 1132 2301 usurpandi
1143 2222 1231 2297 hujus
1242 2221 1361 2299 codicis,
1372 2233 1408 2283 ut

308 2318 407 2379 salum
420 2316 536 2389 scirenu
549 2336 609 2395 quo
621 2316 711 2377 lectio
724 2335 850 2397 qumque
861 2314 1020 2377 referende
1032 2324 1121 2375 esset.
1155 2312 1218 2374 Sed
1230 2314 1324 2375 multo
1335 2314 1408 2374 ube·

311 2410 418 2469 riorem
431 2408 484 2467 tuli
497 2408 621 2467 fructum
640 2406 728 2486 hujus
742 2408 862 2479 codicis,
877 2418 910 2466 ut
923 2426 960 2467 eo
972 2425 1037 2466 sum
1048 2404 1169 2486 potitus.
1211 2406 1317 2468 Statim
1330 2406 1406 2467 enim

310 2500 381 2559 milri
392 2497 531 2569 constitit,
542 2496 682 2557 Wolfium
694 2518 748 2559 sau
761 2498 893 2559 nesciere
903 2517 941 2559 eo
950 2507 1032 2559 recte
1044 2498 1099 2569 uti,
1112 2516 1166 2557 seu
1178 2498 1220 2557 nil
1233 2516 1365 2575 emanue,
1377 2507 1408 2557 et

312 2591 384 2652 alies
403 2589 576 2668 secorditer,
591 2589 661 2652 eliae
681 2591 758 2652 mela
776 2591 837 2652 fide
858 2591 964 2671 egisse.
1005 2593 1190 2669 Quemquam
1211 2600 1331 2668 egomet
1348 2591 1408 2670 ipsc

312 2702 413 2746 vereor
429 2702 469 2745 ue
486 2684 580 2744 multe
592 2702 688 2744 meam
706 2684 899 2746 attentionem
910 2682 1080 2755 fefellerint,
1097 2682 1132 2742 in
1145 2682 1202 2742 iste
1212 2681 1408 2744 festinatione.

313 2777 495 2838 collationem
510 2777 588 2838 enim
602 2777 688 2853 hujus
702 2777 811 2838 codicis
824 2777 944 2838 ineunte
955 2775 1038 2836 Maio
1052 2777 1093 2834 A.
1109 2777 1199 2840 1767.
1209 2788 1409 2855 coeptemer·

311 2882 403 2952 gente
418 2871 555 2948 Augusto
569 2867 700 2945 ejusdem
715 2869 782 2930 enni
796 2869 915 2930 absolvi.
925 2887 1021 2948 neque
1033 2865 1098 2928 fieri
1110 2878 1210 2946 potest
1217 2868 1311 2930 eliter.
1323 2887 1409 2947 nega·

314 2973 377 3022 tum
397 2972 442 3021 est
459 2961 580 3032 bomini,
602 2971 635 3020 ut
657 2960 755 3021 omnia
770 2970 882 3030 cernet,
903 2970 937 3018 ut
950 2959 1020 3018 nibil
1043 2977 1112 3019 eum
1125 2957 1230 3037 fugiet,
1249 2960 1408 3040 presertim

315 3048 1272 3132 alioproelegente‚ubimultoeeonisimilitudinesindiphthongis,
1283 3050 1409 3110 inlitsris

315 3143 447 3222 ejusdem
464 3142 536 3214 soni,
550 3152 584 3201 ut
596 3165 612 3200 ο
625 3153 657 3200 et
669 3167 701 3212 u,
716 3139 732 3202 δ
745 3152 811 3213 etr,
825 3160 911 3202 eures
923 3142 1047 3212 feliunt3
1068 3142 1137 3202 item
1150 3141 1290 3210 mundius
1309 3142 1408 3220 legen·

315 3247 376 3294 tem
392 3236 615 3313 ἀναλισκόμενον
635 3253 662 3292 e.
683 3253 710 3294 c.
732 3252 792 3293 uon
811 3233 906 3314 possis
925 3253 997 3294 eure
1018 3234 1217 3294 internoscere
1239 3235 1335 3296 sinum
1352 3235 1408 3295 dec

315 3326 370 3386 ista
388 3323 540 3396 vocabule,
560 3327 598 3384 ἂν
617 3327 813 3404 ἁλισκόμενον,
833 3345 871 3387 en
891 3345 981 3386 unum
1000 3326 1193 3386 solummodo.
1210 3328 1290 3387 bone
1312 3337 1408 3388 temen

315 3419 375 3480 fide
389 3435 554 3482 eeeevetero
568 3435 685 3501 potuum
699 3437 746 3479 me
760 3419 851 3480 multo
864 3429 897 3480 et
916 3419 1110 3498 copiosiorem
1122 3430 1154 3478 et
1165 3419 1327 3480 fideliorem
1339 3420 1408 3480 dare

316 3512 425 3573 codicis
443 3502 611 3589 Augustani
625 3509 821 3584 colletiouem,
835 3532 922 3592 quem
935 3510 974 3570 ed
993 3511 1051 3570 hoc
1064 3496 1124 3570 diei
1143 3511 1298 3571 habuimus
1311 3503 1428 3571 wolfii‘
1551 3534 1552 3591 ι

317 3603 470 3664 beneficio.
510 3604 579 3664 Jem
595 3601 705 3668 dudum
726 3615 796 3664 ente
817 3605 888 3664 mihi
907 3603 1108 3666 conutitemte
1123 3601 1315 3663 Constantino
1334 3621 1406 3671 meo,

317 3713 405 3774 quem
428 3693 577 3774 expediat,
600 3713 619 3754 e
639 3694 760 3755 diversis
782 3695 901 3756 easdem
923 3695 1105 3754 membraneo
1125 3692 1229 3752 itemm
1251 3687 1408 3772 itemmque

318 3787 428 3848 excuti.
470 3787 546 3846 Eum
560 3798 629 3847 aute
648 3807 696 3848 me
710 3798 839 3868 cuperet
850 3787 941 3847 edere
955 3787 980 3844 1.
996 3786 1039 3845 H.
1053 3784 1193 3846 Leicbins
1207 3785 1244 3843 V.
1259 3785 1296 3844 C.
1309 3786 1408 3844 etrite

316 3879 498 3941 diuturniore
509 3879 623 3958 dignus.
665 3879 724 3940 Sed
737 3881 816 3941 baud
826 3899 921 3959 peuce
932 3879 964 3938 iu
976 3898 1013 3938 eu
1022 3889 1107 3958 perte
1118 3877 1313 3948 Constantini,
1325 3895 1407 3956 quem

315 3972 421 4044 edidit,
435 3983 638 4043 temeraverat,
651 3971 708 4032 elie
721 3973 869 4034 omiserat.
882 3973 962 4052 quod
971 3969 1151 4050 deprehendi
1160 3971 1328 4049 exemplum
1336 3968 1407 4049 type

318 4084 460 4128 excusum
473 4065 511 4126 ad
523 4065 707 4126 membranas
720 4064 798 4143 ipsas
812 4066 943 4144 erigens.
981 4064 1031 4122 Ab
1044 4081 1083 4123 eo
1095 4073 1226 4140 tempore
1240 4063 1319 4142 coepi
1330 4061 1408 4122 colli·

318 4179 390 4238 gere
402 4158 538 4238 exemplu
546 4156 697 4226 librorum,
712 4155 761 4234 qui
776 4176 844 4215 cnm
855 4168 955 4216 essent
967 4175 986 4216 e
998 4155 1174 4229 membranis
1186 4153 1318 4233 primitus
1330 4152 1408 4223 editi,

317 4251 342 4310 si
355 4249 529 4328 posteriores
544 4267 596 4308 eos
609 4246 647 4306 ed
661 4247 779 4306 easdem
794 4248 986 4318 membraneo,
998 4246 1078 4305 unde
1092 4258 1190 4306 essent
1204 4246 1286 4320 editi,
1300 4245 1409 4324 exegis-

320 4353 397 4412 sent,
413 4341 512 4402 multe
530 4339 595 4400 elioe
614 4349 645 4398 et
659 4337 751 4396 multo
770 4338 904 4398 meliores
918 4338 1059 4398 lectiones
1073 4357 1109 4397 ex
1122 4326 1223 4398 iisdem
1237 4336 1407 4398 membranis

319 4445 417 4494 essent
430 4435 558 4513 prolutas.
601 4429 738 4490 Adentur
749 4429 871 4490 Fabricii
883 4432 919 4489 B.
933 4431 973 4490 G.
987 4430 1024 4489 T.
1038 4430 1092 4489 xl.
1106 4448 1135 4507 p.
1151 4435 1218 4490 119.
1232 4428 1283 4488 iiu.
1298 4437 1329 4488 et
1343 4432 1406 4488 121.

319 4525 370 4598 lin,
384 4525 422 4600 de
438 4525 527 4588 Prato
543 4525 573 4584 in
588 4521 752 4614 appendice
771 4523 903 4586 secrmda
915 4522 955 4584 ad
971 4521 1126 4604 Sulpitium
1139 4521 1279 4582 Severum
1293 4519 1406 4603 protulit
