3150 5125
518 414 577 480 so
599 388 948 478 osuosrirsuurr.
1182 405 1283 473 exero

186 566 329 629 ιἰιιιίιιιι.
369 568 487 648 Siquid
508 580 605 631 autem
619 568 659 629 de
678 588 744 629 meo
758 586 846 629 sensu
862 578 896 627 et
913 559 1030 627 arbitrio
1048 563 1158 625 mutari
1178 565 1217 624 de
1233 584 1286 627 vs-
1351 564 1354 572 '

187 670 265 719 tusto
277 658 413 731 lectione,
431 661 466 719 id
482 660 584 723 sedulo
604 660 741 732 indicari,
755 659 895 719 addendo
912 660 946 717 de
957 657 1284 727 incrementatis

187 771 244 809 suro
257 772 345 824 semu,
359 763 410 813 sut
424 754 539 830 arbitrio
551 773 618 825 mro,
632 761 684 813 aut
695 761 789 829 sponte
801 772 871 823 mo,
884 761 936 811 aut
947 748 1040 808 simile
1053 746 1135 826 quid.
1150 769 1152 774 ·
1167 747 1204 806 ln
1217 748 1282 826 ipso

188 851 271 902 texto
285 844 426 920 eiusmodi
436 844 508 905 locis
523 844 561 905 de
573 863 642 905 meo
652 844 771 905 arbitrio
783 843 900 903 montis
909 840 985 905 affixi
997 840 1153 909 stellulem‚
1162 858 1228 918 quoe
1238 840 1283 899 in·

185 934 291 995 sistere
311 937 457 1016 paulisper
471 948 501 997 et
513 936 685 997 addubitare
698 937 852 1006 lectorem,
865 947 897 996 et
910 952 1043 1015 querere
1057 933 1172 1007 jubeat,
1186 942 1217 989 et
1229 950 1285 991 ex·

188 1038 334 1106 spectare,
354 1030 451 1090 donec
470 1029 611 1109 prodierit
634 1040 734 1091 noster
751 1027 1033 1089 animadversiodum
1051 1024 1285 1085 demosthenica·

189 1137 254 1178 rum
275 1118 359 1192 liber,
372 1121 539 1200 priusquam
554 1122 666 1195 judicio
684 1140 738 1181 suo
759 1140 809 1180 me
829 1119 987 1181 confodiet-
1027 1116 1118 1177 Haud
1137 1136 1185 1177 me
1205 1116 1284 1196 fugit

189 1228 296 1289 magna
309 1232 356 1273 me
370 1212 500 1274 laborare
514 1213 631 1285 invidio,
645 1224 734 1292 atque
746 1211 867 1291 infamia
876 1211 955 1281 ideo,
966 1209 1046 1288 quod
1058 1221 1190 1270 auctores
1202 1220 1283 1270 vete·

189 1320 238 1363 res
251 1305 430 1382 conjecturis
443 1304 524 1375 mab,
539 1315 573 1362 ut
587 1305 725 1375 clamant,
739 1303 942 1363 contaminem.
983 1301 1073 1361 Haud
1092 1302 1227 1381 equidem
1238 1301 1284 1361 in·

189 1395 314 1466 litiabor‚
326 1396 390 1457 lieri
409 1395 573 1475 aliquando,
588 1406 622 1453 ut
635 1395 852 1475 importunitate
865 1392 991 1472 quedem
1009 1411 1077 1452 mea
1088 1393 1161 1453 labis
1172 1393 1285 1473 aliquid

190 1488 313 1549 retmtis
332 1489 501 1549 auctoribus
517 1488 704 1567 adspergam.
744 1488 917 1547 Humanum
937 1485 997 1545 boc
1017 1495 1073 1545 est.
1113 1485 1225 1563 Negari
1245 1497 1287 1547 ta·

192 1597 262 1637 rnen
272 1598 371 1639 rursus
383 1580 493 1658 nequit,
508 1579 603 1657 ringet
613 1580 682 1639 licet
694 1589 724 1639 et
733 1588 883 1656 rumpetur
895 1577 1013 1646 invidia,
1022 1596 1072 1636 ιιι
1085 1577 1286 1657 multoplures

190 1670 274 1731 locos
294 1671 460 1749 gravissime
479 1670 601 1731 affectos
622 1682 652 1731 et
666 1671 837 1748 desperetur
854 1668 886 1727 in
901 1667 1051 1738 Petronio,
1070 1668 1103 1727 in
1117 1668 1284 1741 Theocrito,

190 1761 321 1842 aliisque,
338 1764 449 1841 siquos
463 1762 550 1834 edidi,
565 1762 624 1839 (qui
638 1762 724 1841 pauci
742 1760 823 1831 sunt)
835 1778 954 1821 ιιιιιιι
968 1760 1104 1821 feliciter.
1145 1760 1214 1819 Nou
1227 1761 1286 1839 pri-

189 1870 254 1913 mos
264 1872 321 1931 ego
334 1853 392 1914 edo
405 1864 550 1925 auctores,
563 1855 617 1914 red
630 1864 697 1933 post
711 1852 819 1913 multos
835 1852 917 1924 alios,
934 1872 952 1910 s
969 1872 1092 1930 quorum
1105 1852 1282 1913 editionibus

189 1954 303 2005 vetusta
316 1946 405 2007 lectio
418 1946 547 2007 rerocsri
561 1956 665 2025 potest,
686 1964 739 2025 per
758 1964 808 2006 me
827 1944 906 2019 licet,
919 1945 957 2003 eb
976 1944 1147 2005 insecuturis
1167 1945 1285 2005 editori

190 2038 255 2109 bus,
267 2037 291 2095 si
304 2038 407 2117 quibus
420 2038 509 2098 lectio
520 2058 586 2098 mea
596 2037 770 2117 displicebit
799 2036 974 2115 Ubicunque
984 2035 1098 2095 lacinus
1108 2036 1165 2095 boc
1175 2038 1283 2108 audeo,

190 2128 278 2189 toties
297 2128 360 2209 ipse
381 2148 438 2208 ego
452 2129 482 2189 id
502 2150 625 2200 mone03
646 2148 705 2190 uon
718 2128 830 2196 furtim,
846 2146 907 2186 non
928 2127 1013 2196 olam,
1034 2146 1094 2185 non
1115 2127 1205 2187 tacite
1226 2148 1287 2189 esra

189 2236 258 2279 mea
270 2238 343 2281 auro
356 2230 473 2280 vetusto
486 2220 640 2291 substituo,
653 2230 686 2279 ut
704 2219 880 2297 Stephanus,
892 2228 927 2277 ut
939 2218 1052 2289 wott·
1065 2228 1100 2277 ut
1116 2219 1183 2295 Itali
1196 2220 1285 2299 louge

189 2311 306 2389 plurimi
319 2312 465 2383 fecerunt,
477 2321 511 2370 ut
522 2310 684 2378 Bentleius,
695 2319 729 2369 ut
742 2310 896 2379 editorum,
907 2309 955 2388 qui
964 2308 1052 2369 hodie
1063 2319 1176 2371 veteres
1186 2324 1287 2373 sucto-

191 2420 241 2461 res
255 2403 411 2473 recudent,
425 2418 510 2481 pane
524 2402 620 2461 nullus
633 2420 689 2461 non
701 2425 710 2471 ι
727 2420 810 2479 quos,
823 2402 849 2461 si
861 2420 910 2461 me
921 2401 980 2461 boc
993 2402 1114 2463 crimine
1128 2406 1284 2482 urgebunt,

192 2512 260 2553 reos
273 2494 402 2567 ejusdem
416 2504 520 2553 contra
533 2512 634 2572 agam3
656 2494 708 2554 sed
723 2493 871 2566 Petronio,
885 2492 937 2553 sed
956 2492 1124 2567 lbeocrito,
1142 2496 1196 2555 sed
1216 2497 1285 2558 huic
1337 2525 1340 2532 ¹

192 2585 250 2666 ipsi
265 2585 458 2646 Demostheni
469 2586 599 2646 tabulam
606 2585 709 2646 addidi
722 2586 914 2646 mutationum
925 2600 993 2646 mea
1000 2595 1104 2666 sponte
1116 2587 1285 2668 importata·

192 2697 296 2766 rum,e
310 2683 393 2754 cujus
405 2677 585 2757 inspectione
596 2679 691 2738 statim
705 2690 881 2757 agnoscetur
892 2678 963 2757 quid
975 2697 995 2738 a
1006 2699 1054 2738 me
1065 2680 1284 2762 gitprofectum,

191 2771 264 2848 quid
277 2789 295 2830 e
308 2771 397 2831 libris.
438 2769 566 2830 Periculi
586 2770 656 2828 nihil
675 2772 714 2831 ab
732 2772 789 2830 hac
803 2789 869 2830 mea
885 2771 999 2830 ratium
1015 2771 1156 2832 imminet.
1197 2774 1285 2853 Soepe

150 2913 157 2926 .
189 2861 275 2922 rideo
287 2881 402 2922 mecum
414 2872 446 2922 et
459 2862 579 2922 miseror
595 2875 757 2922 noseorum
778 2863 928 2922 hominum
947 2862 1109 2935 stultitiam,
1122 2863 1173 2943 qui
1186 2884 1285 2926 veram

191 2973 309 3014 manum
325 2953 575 3034 Evangelistarum
594 2964 624 3012 et
645 2955 868 3034 Apostolorum,
888 2973 988 3015 reram
1001 2955 1099 3026 Tullii,
1112 2976 1210 3017 reram
1224 2960 1288 3018 De·

192 3045 362 3116 mosthenis,
373 3065 473 3106 veram
485 3043 644 3116 Plutarchi,
658 3065 757 3106 reram
771 3045 910 3119 Petronii,
920 3065 1019 3106 reram
1033 3047 1182 3108 Theocriti
1194 3069 1229 3112 se
1242 3063 1288 3111 ts-

192 3159 264 3200 nere
278 3140 452 3210 existiment,
467 3157 534 3198 cum
548 3138 706 3198 editionem
727 3139 827 3208 Bere,
841 3139 994 3210 Grooorii,
1008 3139 1118 3210 Woltii,
1134 3140 1285 3220 Stephani,

194 3231 362 3302 Bnrmanni,
377 3231 492 3290 Heinsii
505 3241 634 3301 teneant,
647 3231 813 3308 ignorantes
819 3249 907 3309 quam
915 3231 1008 3290 multa
1019 3242 1078 3290 arnt
1087 3233 1189 3294 abillis
1199 3255 1285 3297 secus

194 3321 320 3402 prodita,
340 3333 428 3400 etque
448 3323 478 3380 in
491 3323 613 3383 vetustis
634 3322 714 3384 libris
736 3322 861 3400 legatur,
885 3342 972 3401 quam
996 3324 1100 3384 multos
1122 3326 1225 3406 plagas
1243 3327 1286 3388 illi

195 3413 255 3473 sois
268 3413 433 3472 auctoribus
446 3414 641 3492 imposuerint.
667 3413 769 3474 Securi
781 3413 824 3473 illi
836 3414 1013 3474 indormiunt
1024 3416 1196 3478 lectionibus
1209 3426 1286 3495 ejus·

195 3504 275 3564 modi
288 3503 367 3564 falsis
380 3513 412 3564 et
424 3505 633 3577 commentitiis,
646 3523 701 3584 pro
719 3504 754 3562 iis
769 3515 907 3583 tanquam
925 3525 979 3583 pro
997 3506 1055 3565 aris
1068 3519 1099 3567 et
1114 3508 1187 3570 focis
1202 3511 1285 3570 dimi·

105 3635 109 3644 -
192 3605 274 3665 cent,
285 3615 339 3674 pro
353 3593 478 3654 oracolis
492 3613 542 3654 ess
560 3596 669 3655 habent
683 3595 798 3656 coelitus
812 3595 953 3666 demissis,
966 3597 999 3655 in
1015 3597 1050 3657 iis
1063 3599 1287 3680 interpretandis
1320 3665 1325 3670 ,

194 3689 301 3748 misere
321 3707 354 3746 se
371 3697 508 3765 torquent
518 3711 527 3756 3
548 3688 718 3764 sanguinem
730 3689 826 3758 citius,
840 3705 928 3765 quam
940 3707 991 3748 eas
1003 3690 1155 3765 lectiones,
1168 3695 1285 3758 dimise·

191 3779 269 3851 rints
288 3778 455 3840 nescientes
466 3778 530 3838 illas
550 3797 568 3838 e
582 3779 704 3838 cerebro
718 3780 811 3839 critici
825 3767 947 3858 alicujus
963 3780 1045 3853 furis,
1059 3795 1110 3844 aut
1123 3787 1285 3865 impostoris

194 3883 277 3932 natas
291 3891 366 3932 esse.
407 3870 592 3949 inspicerent
604 3871 692 3930 modo
701 3883 831 3932 vetustos
844 3871 962 3932 codices
979 3877 1284 3956 mstos'impressosre,

192 3964 326 4024 riderent
335 3981 419 4024 suum
431 3979 570 4032 errorem,
585 3961 720 4024 riderent
732 3963 786 4022 sibi
796 3963 939 4042 abaliquo
951 3967 1106 4044 typotheta
1120 3969 1284 4042 aberrante,

191 4067 246 4118 sot
255 4056 353 4136 aliquo
366 4055 617 4135 grammaticastro
630 4054 791 4136 ineptieote
803 4066 855 4117 aut
868 4057 982 4130 cerrito,
994 4069 1047 4118 aut
1061 4059 1212 4140 abaliquo
1225 4063 1286 4122 cal·

194 4301 199 4314 ‘'
226 4299 242 4333 ⁶
259 4297 342 4358 bien,
351 4315 417 4364 qsmrr
427 4301 503 4348 stistte
517 4297 582 4365 Woff
591 4308 660 4348 totum
676 4303 796 4350 orationes
811 4301 847 4366 (in
856 4299 1115 4367 Nemm)fanettorit
1130 4299 1285 4364 (conjecturis

193 4391 277 4438 nempe
288 4377 335 4424 suis
345 4376 369 4423 in
382 4381 471 4424 textum
484 4374 647 4439 immittendis)
657 4377 777 4427 Tarson.
788 4379 818 4424 sd
829 4393 854 4440 p.
864 4381 922 4434 788,
931 4381 970 4426 35.
1003 4379 1035 4425 Bt
1045 4377 1194 4425 nihilominus
1208 4386 1284 4430 usses

194 4459 284 4500 testum
301 4455 368 4500 bem.
381 4453 519 4500 Wolhsrnur
530 4453 598 4500 etism
610 4453 754 4518 principibus
764 4456 787 4501 in
798 4454 918 4503 literatura
928 4469 1005 4516 greca
1017 4453 1073 4500 siris
1084 4469 1156 4515 puras
1166 4463 1237 4520 putus
1247 4467 1286 4510 ast

195 4529 373 4589 βαιοιιΙιιιιι,
382 4527 457 4591 qualis
463 4545 495 4576 es
506 4529 581 4592 ipsiu
592 4529 693 4578 motoris
702 4543 769 4578 nasu
782 4531 876 4593 prodiit.
907 4531 971 4580 nn
980 4529 1112 4594 sepienti&
