3150 5125
297 382 302 389 '
326 396 410 459 nro
450 398 493 457 u.
514 394 669 457 wotm
692 396 753 455 an
776 394 899 457 suum
917 395 1143 461 nauscam.
1163 393 1386 461 suanm.

328 564 359 616 et
377 555 501 615 honesto
515 553 586 625 viro,
602 551 720 613 Simone
735 550 880 623 Fabricio,
899 551 1010 611 schola
1029 562 1137 611 nostras
1149 550 1287 629 magistro
1301 550 1436 631 diligen·

327 648 447 719 tissimo,
462 649 546 725 cujus
559 657 590 706 et
604 641 712 724 ingenii
732 662 866 714 acumen,
887 654 919 721 et
937 643 1017 704 acies
1038 644 1198 715 oculonrm,
1218 643 1300 703 etin
1320 645 1436 723 graecis

325 740 416 802 literis
434 740 579 815 judicium
600 749 689 818 atque
712 735 886 797 exercitatio
909 746 981 795 nota
1000 736 1070 795 mibi
1083 746 1171 806 erset,
1185 746 1218 794 ut
1232 736 1433 815 eam-provin·

319 832 403 892 ciam
418 831 453 911 (si
471 842 523 891 aut
536 847 584 891 res
595 829 765 889 facultatem
782 828 914 900 baberet,
932 838 993 899 aut,
1006 828 1031 887 si
1046 828 1126 907 quod
1139 828 1377 907 operaepretium
1392 849 1434 891 se

323 923 473 983 facturum
491 942 556 982 esse
574 920 747 1003 confideret)
769 921 916 1001 suscipere
933 940 993 980 non
1014 930 1195 999 gravaretur.
1235 920 1273 980 In
1293 941 1352 1001 quo
1371 923 1433 983 ille

327 1015 397 1077 mibi
411 1036 465 1098 pro
478 1015 694 1075 necessitudine
707 1024 804 1074 nostra
815 1033 875 1073 non
888 1013 977 1073 modo
995 1011 1117 1092 privata,
1131 1012 1185 1073 sed
1198 1012 1287 1071 etiam
1296 1013 1432 1093 publice,

327 1112 439 1181 (sumus
452 1108 529 1167 enim
543 1107 667 1186 collega
686 1106 716 1165 irr
738 1106 845 1166 eodem
858 1124 971 1184 graecas
992 1105 1157 1184 latinusque
1176 1104 1276 1166 literas
1295 1106 1431 1169 docendi

289 1240 295 1245 -
328 1200 462 1274 munna)
477 1210 507 1259 et
518 1200 556 1261 ob
570 1200 613 1261 rei
627 1198 762 1259 literariee
775 1198 981 1278 promovende
990 1198 1118 1259 studium
1130 1197 1212 1259 baud
1224 1197 1350 1276 graviter
1360 1219 1430 1260 mo-

328 1310 390 1351 rem
401 1292 502 1371 gessit,
517 1304 616 1373 atque,
627 1311 717 1373 opere
727 1290 878 1364 confecto,
892 1290 951 1351 ho'c
963 1291 1054 1352 modo
1062 1292 1103 1354 ad
1114 1309 1163 1353 me
1175 1290 1312 1371 scripsit:

774 1446 884 1521 optimo
908 1446 976 1507 veo

571 1548 922 1631 HIERONYMO
949 1551 1171 1629 WOLFIO

641 1668 784 1753 Cosrpntri
802 1694 852 1733 suo
871 1676 950 1734 unice
968 1676 1079 1734 colendo

861 1798 889 1840 s.

366 1868 403 1928 M
407 1886 484 1930 raro
500 1870 538 1953 ad
551 1880 591 1942 te,
603 1870 643 1929 mi
657 1870 837 1950 optatissime
848 1882 1013 1951 compater,
1019 1871 1198 1935 Orationum
1210 1871 1422 1935 Demostheni·

246 1958 248 1965 '
326 1980 424 2023 earum
438 1963 598 2043 exemplar,
612 1964 643 2023 in
656 1983 715 2043 quo
725 1964 820 2025 varias
833 1984 869 2024 ac
878 1965 1008 2025 diversas
1017 1966 1161 2027 lectiones
1171 1986 1209 2025 ex
1218 1966 1309 2027 veteri
1318 1986 1422 2027 manu·

326 2054 438 2135 scripto
458 2056 562 2117 codice
580 2056 736 2135 diligenter
757 2068 789 2117 et
810 2070 948 2118 accurate
967 2071 1131 2138 perspecto,
1152 2068 1184 2120 et
1203 2060 1242 2119 ad
1261 2060 1422 2125 editionem

327 2148 546 2227 Hervagianarn
562 2150 680 2221 collato,
694 2150 846 2209 bonafide
864 2150 972 2221 notari,
986 2150 1143 2227 multisque
1162 2150 1193 2208 in
1204 2150 1276 2209 loeis
1288 2150 1423 2228 gravissi·

324 2260 405 2301 mum
419 2260 455 2302 ac
470 2242 738 2322 eloquentissimum
754 2252 901 2301 oratorem
913 2240 990 2300 trade
1002 2259 1039 2301 ac
1053 2241 1176 2320 turpiter
1188 2241 1350 2317 mutilatum
1366 2242 1421 2309 de·

324 2345 535 2415 promtumque
548 2336 673 2394 offendi:
695 2334 816 2414 (praeter
828 2335 905 2393 enim
920 2333 1075 2402 innumeaa
1086 2352 1164 2413 pene
1178 2332 1285 2395 librani
1300 2334 1420 2404 meum,

326 2426 606 2503 constructionisque
619 2427 773 2483 verborum
786 2425 1044 2502 perturbationem,
1057 2424 1184 2505 integros
1196 2424 1341 2486 interdum
1355 2444 1420 2483 ver·

324 2536 380 2578 sus
387 2516 546 2596 praeteritos
560 2526 647 2596 atque
659 2515 777 2577 omissos
791 2516 899 2596 reperi)
911 2536 997 2597 quem
1005 2517 1220 2590 tamenstndio,
1231 2536 1321 2597 opera
1329 2528 1419 2596 atqua

322 2609 465 2669 industria
478 2621 529 2670 tua
542 2609 723 2690 perpolitum,
736 2609 956 2688 integritatique
970 2627 1007 2668 ac
1020 2608 1105 2668 nitori
1120 2628 1174 2670 suo
1187 2610 1363 2681 restitutum,
1374 2610 1419 2680 sic

319 2705 382 2781 jam
404 2703 549 2764 exiturum
573 2712 734 2782 speramus,
756 2713 871 2762 utnon
895 2701 987 2759 multa
1005 2699 1037 2757 in
1060 2703 1125 2777 ejus
1147 2703 1334 2773 orationibus,
1358 2703 1418 2770 sire

324 2796 509 2875 splendorem
528 2795 692 2867 verborum,
715 2794 776 2852 eive
798 2793 1004 2851 sententiarum
1021 2803 1193 2852 ornamenta
1214 2805 1344 2871 spectes,
1366 2797 1418 2859 ho-

322 2887 417 2948 mines
430 2887 573 2965 ingeniosi
594 2905 629 2944 ac
643 2885 723 2943 docti
745 2882 936 2942 desideraturi
950 2894 1028 2942 suut.
1070 2883 1137 2961 Ego
1157 2893 1267 2947 tantum
1281 2887 1420 2962 profecto

324 2978 431 3038 veteris
443 2978 553 3036 codicis
565 2963 728 3055 antiquitati
741 2973 849 3043 tribuo,
862 2984 896 3032 ut
906 2973 929 3033 is
938 2976 985 3034 vel
995 2987 1116 3058 propter
1125 2976 1217 3036 solam
1230 2997 1417 3046 numerorum

324 3068 549 3131 concinnitatem
564 3077 595 3125 et
608 3067 781 3126 suavitatem
795 3065 995 3128 admirabilem
1010 3070 1226 3150 compositionis
1239 3076 1315 3150 (qua
1327 3073 1357 3132 in
1374 3075 1416 3134 al,

322 3173 386 3220 tera
405 3160 533 3219 editione
546 3158 704 3220 desiderari
723 3158 820 3238 aliqua
836 3179 874 3220 ex
893 3173 977 3240 parte
989 3163 1116 3238 videtin)
1129 3162 1253 3242 publicis
1273 3163 1414 3228 sumtibus

324 3265 404 3313 totus
418 3253 635 3324 describendus,
649 3252 865 3332 pervulgendua
876 3265 964 3333 atque
978 3256 1112 3315 edendus
1122 3255 1192 3315 milri
1202 3257 1414 3320 esaevideatud

365 3347 524 3406 Nemeum
545 3365 620 3404 unus
640 3345 859 3405 Demosthenes
878 3345 954 3406 inter
974 3367 1075 3410 omnes
1093 3357 1222 3407 oratores
1239 3367 1351 3427 grecos
1365 3369 1414 3409 err·

324 3443 455 3514 calleret,
468 3441 548 3520 quod
567 3457 709 3499 summam
728 3428 922 3518 prudentiam,
943 3463 1143 3521 summamque
1157 3443 1214 3501 rim
1234 3443 1357 3504 haberet
1370 3445 1413 3504 di-

324 3534 419 3606 cendi‚
441 3536 505 3612 ejus
524 3532 647 3592 fulmina
664 3535 708 3612 (ut
726 3532 818 3614 inquit
831 3532 949 3613 Cicero)
964 3555 1022 3595 non
1043 3536 1083 3594 ita
1096 3535 1266 3606 vibrassent,
1285 3536 1338 3595 nisi
1360 3558 1412 3597 nu·

322 3627 409 3687 meris
423 3637 558 3685 contorta
572 3625 729 3695 ferrentur,
744 3645 867 3705 quorum
881 3647 938 3686 ceu
950 3627 1130 3688 lineamenta
1148 3647 1185 3687 ac
1198 3627 1320 3706 vestigia
1334 3649 1413 3708 quse·

321 3721 388 3782 dam
397 3719 554 3798 singularia
566 3718 596 3776 in
609 3719 807 3798 manuscripto
817 3718 921 3779 codice
929 3739 1072 3800 apparere
1082 3731 1169 3798 atque
1182 3720 1313 3799 conspici
1326 3741 1413 3800 posse

321 3811 466 3872 existimo.
507 3811 647 3871 Continet
673 3811 696 3870 is
717 3811 794 3871 liber
818 3811 881 3872 sere
906 3833 1007 3872 omnes
1032 3811 1242 3871 Demosthenis
1268 3813 1413 3875 orationes

319 3916 427 3987 proeter
446 3905 598 3976 ἐπιστολήν
617 3908 764 3985 φιλίππου,
783 3903 984 3983 Δημοσθένους
1003 3905 1163 3975 ἐπιστολὰς,
1183 3909 1316 3984 προοίμια
1327 3904 1413 3984 dapn-

322 4003 431 4078 yopud,
453 3997 600 4078 ἐπιτάφιον
613 4002 658 4057 rcl
676 3997 806 4078 ἐρωτικὸν
819 4000 919 4071 λόγον,
939 3997 989 4055 τὸν
1008 4007 1117 4075 πρῶτον
1138 4000 1183 4056 καὶ
1201 3997 1326 4074 δεύτερον
1339 4005 1412 4058 sord

321 4097 456 4173 στεφάνου
469 4091 723 4172 ψευδομαρτυριῶν,
735 4089 783 4149 τὸν
797 4091 868 4147 κατὰ
881 4086 995 4165 ebs'pyon
1004 4091 1051 4146 sci
1061 4086 1269 4167 pvqcriloiltou,
1283 4090 1332 4150 τὸν
1341 4092 1412 4169 πρὸς

322 4185 492 4256 κᾶλλιππον,
504 4185 555 4243 τὸν
568 4187 638 4242 κατὰ
651 4187 772 4262 νεαίρας.
1403 4231 1406 4235 .

361 4273 480 4340 Scholia
492 4294 608 4355 quoque
621 4291 718 4353 graeca
730 4271 760 4330 in
773 4270 904 4349 margine
917 4283 1018 4331 notata
1032 4271 1259 4353 descripsissem,
1271 4282 1358 4354 atque
1372 4277 1410 4336 ad

319 4377 351 4426 te
363 4363 520 4428 misissem:
540 4367 595 4426 sed
605 4364 689 4425 video
702 4364 844 4443 pleraque
855 4383 918 4423 esse
933 4364 1037 4424 eadem
1051 4386 1117 4426 cum
1130 4367 1174 4437 iis,
1190 4385 1255 4447 quae
1267 4367 1298 4425 in
1312 4374 1409 4428 exem·

319 4457 393 4542 plari
405 4479 501 4537 graeco
513 4459 683 4520 Lutecianae
698 4455 833 4516 editionis
846 4458 1037 4537 reperiuntur.
1406 4508 1409 4517 .

358 4551 516 4632 Reliquum
529 4561 583 4626 est,
598 4560 630 4612 ut
648 4549 721 4632 ipse,
736 4570 824 4631 quern
839 4571 948 4611 ‘omnen
964 4553 995 4610 in
1007 4552 1085 4612 omni
1103 4550 1214 4627 judicio
1227 4553 1410 4638 elegantissi-
