3150 5125
508 947 517 966 ·
631 885 1037 992 suescunt

819 1131 856 1169 AB

363 1281 679 1351 ,ORATlONEM
715 1271 1046 1367 Pfltutl’tlceet
1083 1267 1284 1334 PRIMAM

557 1411 1133 1547 euouuoomuue.

293 1671 368 1732 Hoc
393 1677 536 1752 tempore,
557 1693 629 1751 quo,
654 1682 687 1734 ut
709 1673 850 1733 Libenius
875 1670 968 1731 modo
989 1669 1077 1746 dixit,
1098 1664 1257 1745 Philippus
1276 1661 1388 1724 Thebis

290 1761 503 1824 cmmemores
516 1772 546 1824 et
559 1764 695 1824 doctrine
709 1762 923 1843 Epaminonda
936 1761 1120 1836 aliorumque
1133 1757 1308 1816 Grecorum
1322 1763 1386 1812 ute-

182 1873 191 1886 ·
293 1851 406 1924 hntsr,'
428 1855 564 1916 videnlur
586 1857 709 1918 consilis
729 1857 767 1916 de
788 1854 918 1916 Groeciae
939 1852 1077 1913 libertate
1102 1848 1264 1927 eliqusndo
1286 1847 1388 1926 oppri-
1425 1879 1434 1884 -

292 1943 399 2004 mends
412 1946 538 2006 animum
551 1947 628 2024 ejus,
643 1948 761 2008 honoris
776 1947 916 2024 cupidine
930 1944 1091 2004 ferventem
1105 1951 1136 2001 et
1148 1940 1308 2000 celliditste
1321 1939 1385 2018 ple-

293 2051 373 2104 num,
389 2035 524 2116 subiisse,
537 2039 578 2098 its
599 2049 632 2098 ut
653 2039 767 2109 Graeci,
782 2037 836 2113 qui
857 2037 949 2112 ipsum
969 2035 1016 2109 sui
1037 2034 1198 2111 perniciem
1211 2031 1292 2109 qussi
1308 2031 1387 2089 iutra

293 2126 400 2187 numnis
412 2129 537 2206 tierent,
551 2131 657 2190 sstutie
675 2131 787 2208 puriter
807 2146 844 2186 ec
864 2126 1040 2187 tortitudine
1052 2125 1163 2184 devicti
1182 2123 1240 2183 dici
1261 2125 1385 2202 possint.

294 2217 363 2278 Vid.
379 2238 446 2298 quse
461 2219 616 2282 Demosth.
631 2221 669 2282 de
684 2217 944 2308 Philippensis
958 2220 1013 2278 Or.
1027 2216 1153 2297 Olynth.
1168 2215 1292 2293 1.(111.)
1309 2221 1334 2288 ς.
1347 2211 1393 2290 γ’.’

267 2343 272 2352 ·
294 2305 349 2368 llle
369 2311 445 2372 enim
461 2311 512 2372 ubi
527 2313 688 2384 eudiverst,
704 2333 750 2372 res
765 2312 875 2391 petriss
889 2310 1015 2382 misceri,
1030 2303 1166 2370 Peneios
1180 2317 1212 2367 et
1225 2307 1340 2386 illyrios
1358 2307 1388 2366 in

295 2401 368 2464 fines
383 2405 570 2467 Macedoniae
584 2407 720 2487 irrupisse
734 2425 860 2486 eumque
871 2403 1009 2484 diripere,
1017 2403 1129 2464 Thebis
1141 2421 1230 2480 quens
1239 2401 1388 2488 celerrime

294 2494 415 2567 relictis,
430 2498 553 2575 petrinos
570 2498 653 2578 petiit
665 2507 694 2558 et
709 2500 830 2560 tutelem
846 2500 997 2577 Amyntas,
1011 2495 1109 2556 sistris
1119 2493 1186 2565 tilii,
1201 2494 1232 2552 in
1247 2514 1279 2553 se
1292 2514 1389 2554 susce·

294 2588 349 2666 pit,
359 2606 452 2667 usque
461 2589 530 2649 dum
542 2592 597 2669 ipsi
610 2610 723 2652 summe
734 2610 829 2651 rerum
841 2590 1076 2649 demandaretur.
1098 2586 1225 2647 Diodor.
1236 2586 1298 2646 Sic.
1308 2584 1398 2675 xvi..

296 2686 325 2755 1,
341 2686 370 2741 2.
391 2680 497 2743 lustin.
513 2684 626 2745 V11.o.
652 2688 802 2763 Argoeum,
818 2703 906 2762 quens
922 2680 1117 2741 Athenienses
1130 2680 1270 2740 volehnnt
1283 2678 1391 2757 princi·

295 2781 397 2851 petum
417 2774 605 2837 Macedonico
619 2776 763 2855 obtinere,
779 2796 837 2835 une
851 2794 917 2835 curn
931 2773 1045 2833 auxiliis
1060 2771 1286 2832 Atheniensium
1306 2769 1392 2831 t'ncde

296 2863 453 2946 Philippus
468 2867 588 2947 devicit,
602 2868 735 2947 cepticos
753 2868 869 2928 illorum
890 2866 977 2926 lentis
999 2864 1117 2943 excepit
1136 2862 1242 2943 epulis,
1263 2882 1389 2940 qunque

297 2956 465 3030 emiserant,
489 2958 629 3020 reddidit.
659 2960 816 3021 Demosth.
837 2953 867 3017 in
889 2958 1035 3017 Aristocr.
1058 2976 1089 3033 p.
1109 2962 1181 3026 666,
1207 2960 1256 3012 16.
1281 2952 1328 3012 ed.
1349 2954 1388 3013 ll.

298 3048 366 3117 Qun
380 3051 500 3128 quidem
519 3071 551 3111 re
568 3061 602 3111 ut
616 3052 838 3112 Atheniensium
857 3050 973 3111 enimes
994 3048 1242 3125 delenivit,prene
1263 3052 1295 3104 ut
1315 3046 1391 3105 nihil

202 3134 207 3145 ’
298 3140 417 3201 invidire
431 3152 508 3203 esset
522 3144 668 3222 relictum,
683 3144 723 3202 ite
738 3144 901 3221 Olynthiis,
910 3142 1082 3221 Amphipoli
1093 3139 1208 3200 demum
1222 3148 1392 3217 expugnate

297 3230 446 3311 (AEschin.
461 3258 492 3292 π.
506 3258 536 3293 sr.
553 3240 577 3306 ς.
592 3234 637 3298 sd,
663 3234 818 3293 Demosth.
843 3236 874 3295 in
895 3235 1039 3295 Aristocr.
1067 3252 1097 3311 p.
1119 3238 1190 3306 669,
1209 3236 1239 3291 8.
1259 3230 1308 3290 ed.
1330 3231 1391 3306 lt),

297 3322 455 3401 plurimum
477 3322 579 3402 injecit
599 3325 727 3385 terroris.
770 3326 838 3387 Hoc
860 3324 941 3387 fecto
963 3325 1098 3405 Olynthii
1117 3325 1231 3402 legatos
1254 3322 1393 3384 miserunt

298 3414 441 3487 Athenas,
465 3417 516 3494 qui
543 3416 581 3477 de
610 3416 722 3477 loedere
750 3419 882 3478 ineundo
906 3427 1049 3496 egerente
1078 3426 1279 3476 verumtamen
1303 3435 1392 3493 quum

299 3506 493 3568 Athenienses
517 3508 647 3588 Philippi
673 3506 934 3587 pollicitationibus
958 3510 996 3569 de
1018 3508 1189 3586 Amphipoli
1212 3507 1392 3567 restituenda

299 3598 365 3659 freti
378 3600 540 3677 permoveri
555 3620 612 3661 non
627 3611 758 3681 possent,
771 3603 830 3674 isti,
841 3622 872 3663 re
886 3601 1007 3674 infecte,
1021 3602 1051 3660 in
1064 3600 1191 3677 putrium
1204 3600 1324 3659 rediere.
1336 3598 1392 3658 clr.

300 3690 357 3751 Or.
371 3689 495 3770 Olynth.
511 3694 551 3756 11.
565 3694 614 3769 (l.)
629 3700 652 3769 ς.
669 3694 707 3771 γ’.
749 3694 909 3774 Olynthios
924 3712 993 3755 vero
1014 3694 1071 3753 sihi
1091 3692 1273 3763 conciliavit,
1288 3690 1393 3751 tendite

299 3781 447 3859 Potidoee,
463 3804 531 3861 quse
554 3786 778 3846 Atheniensium
801 3787 904 3847 lueret.
925 3788 985 3848 vid.
1001 3786 1022 3845 Ι.
1036 3788 1057 3847 l.
1078 3796 1109 3846 et
1129 3787 1185 3845 Or.
1199 3785 1229 3843 in
1251 3785 1391 3844 Aristocr.

300 3892 330 3953 p.
345 3878 416 3945 666,
431 3881 461 3935 9.
475 3875 524 3935 ed.
539 3876 576 3935 ll.
620 3879 726 3956 Neque
737 3879 826 3939 etiem
837 3898 942 3957 perum
954 3878 1025 3939 fecit
1039 3878 1077 3937 nd
1091 3878 1253 3955 potentiam
1265 3875 1392 3954 Philippi

301 3967 477 4047 sugendum,
491 3969 573 4047 quod
592 3970 748 4031 Thessslos
766 3972 823 4030 sibi
841 3970 1021 4032 devinciret:
1043 3969 1199 4031 Demosth.
1212 3968 1337 4048 Qlyutls.
1351 3967 1392 4027 11.

216 4106 220 4115 .
298 4058 451 4136 (1.)§.‹'.:
466 4079 566 4121 eorum
581 4070 678 4143 partes
693 4061 722 4121 iu
738 4062 817 4122 hello
832 4062 977 4123 Phocensi
991 4062 1095 4122 sumsit
1108 4062 1207 4137 (Deru.
1218 4059 1340 4139 Olynth.
1349 4060 1391 4119 ll.

301 4148 391 4229 (1.)§.
405 4148 458 4225 β.)
474 4150 525 4223 ite,
540 4160 574 4211 ut
587 4150 717 4228 ipsorum
732 4152 926 4232 vectigelibus
939 4154 1094 4232 potiretur.
1125 4154 1212 4212 Dcm.
1224 4170 1267 4211 or.
1280 4151 1310 4211 d.
1323 4168 1392 4228 psc.

299 4246 323 4325 l.
337 4242 361 4319 l.
381 4238 504 4320 Olynth.
520 4242 562 4302 11.
576 4242 628 4319 (1.)
641 4246 667 4316 i.
682 4244 713 4303 d.
755 4246 821 4305 lem
836 4241 916 4305 hello
932 4244 1077 4306 Phocensi
1096 4263 1188 4323 quum
1207 4240 1392 4304 Mscedoulae

332 4392 348 4423 ⁵
365 4392 404 4441 De
415 4392 520 4457 Phihppi
532 4392 581 4443 rite
592 4395 640 4443 sid.
650 4394 803 4445 vusmmr.
814 4398 845 4445 de
854 4396 961 4461 Philippi
973 4398 1060 4455 indole,
1071 4397 1163 4446 rirtntt.
1175 4396 1270 4459 sehssq.
1280 4392 1354 4457 pestis
1369 4394 1393 4442 is
1447 4394 1457 4403 '

299 4464 433 4515 llustsrlr.
445 4476 470 4516 st
482 4468 596 4519 Velshen.
609 4470 662 4517 Orr.
674 4488 698 4533 p.
710 4471 758 4519 22¹⁵
770 4486 824 4535 sqq.
847 4472 964 4521 Proelsre
975 4471 1095 4535 descripte
1104 4477 1142 4519 cst
1151 4470 1175 4517 is
1187 4470 1216 4518 Ρ.
1227 4470 1252 4518 l.
1262 4470 1289 4519 8.
1300 4466 1394 4531 Vqsl's

300 4539 473 4602 Bl⁰tnpltssn
484 4560 579 4605 muter
587 4546 634 4596 und
644 4545 778 4596 beriilrmtsr
786 4547 884 4597 men«
893 4549 937 4599 dss
947 4550 1099 4601 Aluum.
1115 4546 1182 4598 Τοῦ.
1192 4547 1228 4594 ll·
