<?xml version="1.0" encoding="UTF-8"?>
<!DOCTYPE html PUBLIC "-//W3C//DTD XHTML 1.0 Transitional//EN"
    "http://www.w3.org/TR/xhtml1/DTD/xhtml1-transitional.dtd">
<html xmlns="http://www.w3.org/1999/xhtml" xml:lang="en" lang="en">
 <head>
  <title>
</title>
<meta http-equiv="Content-Type" content="text/html;charset=utf-8" />
  <meta name='ocr-system' content='tesseract 3.04.00' />
  <meta name='ocr-capabilities' content='ocr_page ocr_carea ocr_par ocr_line ocrx_word'/>
</head>
<body>
  <div class='ocr_page' id='page_1' title='image "./demosthenisetsc01dupogoog_0026.png"; bbox 0 0 3150 5125; ppageno 0'>
   <div class='ocr_carea' id='block_1_1' title="bbox 272 376 1103 473">
    <p class='ocr_par' dir='ltr' id='par_1_1' title="bbox 272 376 1103 473">
     <span class='ocr_line' id='line_1_1' title="bbox 272 376 1103 473; baseline -0.002 -28"><span class='ocrx_word' id='word_1_1' title='bbox 272 388 341 473; x_wconf 67' lang='lat' dir='ltr'>anui</span> <span class='ocrx_word' id='word_1_2' title='bbox 541 386 717 449; x_wconf 81' lang='lat' dir='ltr'>lOANNlS</span> <span class='ocrx_word' id='word_1_3' title='bbox 740 376 954 447; x_wconf 75' lang='lat' dir='ltr'>nssuvncu</span> <span class='ocrx_word' id='word_1_4' title='bbox 974 382 1103 444; x_wconf 80' lang='lat' dir='ltr'><strong>PRAEF.</strong></span> 
     </span>
    </p>
   </div>
   <div class='ocr_carea' id='block_1_2' title="bbox 274 532 1368 817">
    <p class='ocr_par' dir='ltr' id='par_1_2' title="bbox 274 532 1368 817">
     <span class='ocr_line' id='line_1_2' title="bbox 276 532 1368 622; baseline 0.004 -25"><span class='ocrx_word' id='word_1_5' title='bbox 276 548 346 599; x_wconf 78' lang='grc' dir='ltr'>πᾶσι</span> <span class='ocrx_word' id='word_1_6' title='bbox 359 554 476 611; x_wconf 76' lang='grc' dir='ltr'>ποιῆται</span> <span class='ocrx_word' id='word_1_7' title='bbox 490 544 647 622; x_wconf 77' lang='grc' dir='ltr'>καταφανὲς</span> <span class='ocrx_word' id='word_1_8' title='bbox 668 555 717 613; x_wconf 71' lang='grc' dir='ltr'>τῆς</span> <span class='ocrx_word' id='word_1_9' title='bbox 738 563 766 601; x_wconf 87' lang='grc' dir='ltr'>τε</span> <span class='ocrx_word' id='word_1_10' title='bbox 786 556 838 611; x_wconf 80' lang='grc' dir='ltr'>σῆς</span> <span class='ocrx_word' id='word_1_11' title='bbox 858 538 1074 619; x_wconf 57' lang='grc' dir='ltr'>τολοιιςιγοθίας</span> <span class='ocrx_word' id='word_1_12' title='bbox 1087 538 1119 597; x_wconf 79' lang='grc' dir='ltr'>τὸ</span> <span class='ocrx_word' id='word_1_13' title='bbox 1132 532 1269 616; x_wconf 68' lang='grc' dir='ltr'>μέγεθος,</span> <span class='ocrx_word' id='word_1_14' title='bbox 1283 537 1323 595; x_wconf 74' lang='grc' dir='ltr'>ἔτι</span> <span class='ocrx_word' id='word_1_15' title='bbox 1336 536 1368 595; x_wconf 69' lang='grc' dir='ltr'>δὲ</span> 
     </span>
     <span class='ocr_line' id='line_1_3' title="bbox 277 629 1367 709; baseline -0.002 -20"><span class='ocrx_word' id='word_1_16' title='bbox 277 635 383 691; x_wconf 78' lang='grc' dir='ltr'>καὶτοῦ</span> <span class='ocrx_word' id='word_1_17' title='bbox 396 630 516 707; x_wconf 75' lang='grc' dir='ltr'>βιβλίον</span> <span class='ocrx_word' id='word_1_18' title='bbox 528 638 644 706; x_wconf 85' lang='lat' dir='ltr'>roorovl,</span> <span class='ocrx_word' id='word_1_19' title='bbox 659 637 703 693; x_wconf 76' lang='lat' dir='ltr'>rol</span> <span class='ocrx_word' id='word_1_20' title='bbox 714 642 768 693; x_wconf 80' lang='grc' dir='ltr'>τῦν</span> <span class='ocrx_word' id='word_1_21' title='bbox 780 636 886 691; x_wconf 68' lang='grc' dir='ltr'>’ἄλλων</span> <span class='ocrx_word' id='word_1_22' title='bbox 899 642 954 692; x_wconf 82' lang='grc' dir='ltr'>τῶν</span> <span class='ocrx_word' id='word_1_23' title='bbox 966 629 1206 708; x_wconf 62' lang='grc' dir='ltr'>ἐκδοθησομὲνιιν,</span> <span class='ocrx_word' id='word_1_24' title='bbox 1220 631 1296 709; x_wconf 67' lang='grc' dir='ltr'><strong><em>εἴπερ</em></strong></span> <span class='ocrx_word' id='word_1_25' title='bbox 1309 632 1367 708; x_wconf 76' lang='grc' dir='ltr'>ἄρα</span> 
     </span>
     <span class='ocr_line' id='line_1_4' title="bbox 274 722 1368 817; baseline -0.005 -34"><span class='ocrx_word' id='word_1_26' title='bbox 274 750 303 783; x_wconf 87' lang='grc' dir='ltr'>τι</span> <span class='ocrx_word' id='word_1_27' title='bbox 318 728 460 815; x_wconf 68' lang='grc' dir='ltr'>περιέσται</span> <span class='ocrx_word' id='word_1_28' title='bbox 472 734 529 793; x_wconf 81' lang='grc' dir='ltr'>τοῖς</span> <span class='ocrx_word' id='word_1_29' title='bbox 550 732 625 793; x_wconf 73' lang='grc' dir='ltr'>νέοις</span> <span class='ocrx_word' id='word_1_30' title='bbox 639 728 755 817; x_wconf 67' lang='grc' dir='ltr'>1ὄφελος,</span> <span class='ocrx_word' id='word_1_31' title='bbox 769 732 816 785; x_wconf 89' lang='grc' dir='ltr'>σοι’</span> <span class='ocrx_word' id='word_1_32' title='bbox 829 749 863 801; x_wconf 83' lang='grc' dir='ltr'>γε</span> <span class='ocrx_word' id='word_1_33' title='bbox 876 725 987 790; x_wconf 66' lang='lat' dir='ltr'>adnuo</span> <span class='ocrx_word' id='word_1_34' title='bbox 1008 727 1059 795; x_wconf 62' lang='grc' dir='ltr'>τὴν</span> <span class='ocrx_word' id='word_1_35' title='bbox 1073 725 1138 801; x_wconf 78' lang='grc' dir='ltr'>περὶ</span> <span class='ocrx_word' id='word_1_36' title='bbox 1153 722 1250 781; x_wconf 79' lang='grc' dir='ltr'>τοτἰτον</span> <span class='ocrx_word' id='word_1_37' title='bbox 1263 725 1368 803; x_wconf 61' lang='lat' dir='ltr'>srpom&#39;r.</span> 
     </span>
    </p>
   </div>
   <div class='ocr_carea' id='block_1_3' title="bbox 278 805 1570 899">
    <p class='ocr_par' dir='ltr' id='par_1_3' title="bbox 278 805 1570 899">
     <span class='ocr_line' id='line_1_5' title="bbox 278 805 1570 899; baseline 0.001 -26"><span class='ocrx_word' id='word_1_38' title='bbox 278 839 333 899; x_wconf 83' lang='grc' dir='ltr'>κιιν</span> <span class='ocrx_word' id='word_1_39' title='bbox 346 816 442 896; x_wconf 74' lang='grc' dir='ltr'>χάριν,</span> <span class='ocrx_word' id='word_1_40' title='bbox 456 822 494 898; x_wconf 67' lang='grc' dir='ltr'>τᾷ</span> <span class='ocrx_word' id='word_1_41' title='bbox 507 820 583 899; x_wconf 68' lang='grc' dir='ltr'>μόνῳ</span> <span class='ocrx_word' id='word_1_42' title='bbox 597 819 628 878; x_wconf 87' lang='grc' dir='ltr'>τὸ</span> <span class='ocrx_word' id='word_1_43' title='bbox 642 820 728 878; x_wconf 80' lang='grc' dir='ltr'>καλὸν</span> <span class='ocrx_word' id='word_1_44' title='bbox 746 830 828 877; x_wconf 81' lang='grc' dir='ltr'>τοῦτο</span> <span class='ocrx_word' id='word_1_45' title='bbox 839 812 1141 899; x_wconf 8' lang='grc' dir='ltr'>ταὶλὲτωφελὲςῖἔργον</span> <span class='ocrx_word' id='word_1_46' title='bbox 1161 815 1367 894; x_wconf 70' lang='grc' dir='ltr'>ἐνοτηοαμὲνφ.</span> <span class='ocrx_word' id='word_1_47' title='bbox 1445 886 1450 891; x_wconf 29' lang='grc'><em>“</em></span> <span class='ocrx_word' id='word_1_48' title='bbox 1569 805 1570 838; x_wconf 54' lang='lat'><em>³</em></span> 
     </span>
    </p>
   </div>
   <div class='ocr_carea' id='block_1_4' title="bbox 276 906 1368 1455">
    <p class='ocr_par' dir='ltr' id='par_1_4' title="bbox 276 906 1368 1455">
     <span class='ocr_line' id='line_1_6' title="bbox 276 906 1368 991; baseline -0.003 -24"><span class='ocrx_word' id='word_1_49' title='bbox 276 908 317 968; x_wconf 77' lang='grc' dir='ltr'>ὅτι</span> <span class='ocrx_word' id='word_1_50' title='bbox 331 912 385 988; x_wconf 80' lang='grc' dir='ltr'>μὲν</span> <span class='ocrx_word' id='word_1_51' title='bbox 398 907 447 970; x_wconf 75' lang='grc' dir='ltr'>οὖν</span> <span class='ocrx_word' id='word_1_52' title='bbox 461 914 577 977; x_wconf 75' lang='grc' dir='ltr'>καὶτοῖς</span> <span class='ocrx_word' id='word_1_53' title='bbox 589 908 735 991; x_wconf 76' lang='grc' dir='ltr'>’παροῦσιν</span> <span class='ocrx_word' id='word_1_54' title='bbox 752 913 921 985; x_wconf 74' lang='grc' dir='ltr'>ἀγαπήσεις,</span> <span class='ocrx_word' id='word_1_55' title='bbox 936 911 981 967; x_wconf 76' lang='grc' dir='ltr'>καὶ</span> <span class='ocrx_word' id='word_1_56' title='bbox 993 910 1081 986; x_wconf 74' lang='grc' dir='ltr'>μόνης</span> <span class='ocrx_word' id='word_1_57' title='bbox 1095 910 1170 985; x_wconf 68' lang='grc' dir='ltr'>ἡμᾶς</span> <span class='ocrx_word' id='word_1_58' title='bbox 1186 906 1304 991; x_wconf 70' lang='grc' dir='ltr'>ἀποδέξῃ</span> <span class='ocrx_word' id='word_1_59' title='bbox 1317 922 1368 977; x_wconf 72' lang='grc' dir='ltr'>τῆς</span> 
     </span>
     <span class='ocr_line' id='line_1_7' title="bbox 277 999 1367 1083; baseline -0.003 -24"><span class='ocrx_word' id='word_1_60' title='bbox 277 1000 483 1081; x_wconf 43' lang='grc' dir='ltr'>τροθνμίοιιιῦ</span> <span class='ocrx_word' id='word_1_61' title='bbox 496 1002 569 1075; x_wconf 76' lang='lat' dir='ltr'>olda,</span> <span class='ocrx_word' id='word_1_62' title='bbox 587 1007 661 1081; x_wconf 73' lang='grc' dir='ltr'><strong>εἴπερ</strong></span> <span class='ocrx_word' id='word_1_63' title='bbox 676 1006 733 1079; x_wconf 70' lang='grc' dir='ltr'>ἐγὼ</span> <span class='ocrx_word' id='word_1_64' title='bbox 752 1001 784 1063; x_wconf 80' lang='grc' dir='ltr'>τὸ</span> <span class='ocrx_word' id='word_1_65' title='bbox 797 1005 956 1083; x_wconf 33' lang='grc' dir='ltr'>,φιλόσοφον</span> <span class='ocrx_word' id='word_1_66' title='bbox 976 1007 1024 1059; x_wconf 75' lang='grc' dir='ltr'>τοῦ</span> <span class='ocrx_word' id='word_1_67' title='bbox 1044 1002 1145 1077; x_wconf 77' lang='grc' dir='ltr'>τρόπον</span> <span class='ocrx_word' id='word_1_68' title='bbox 1164 1000 1210 1057; x_wconf 71' lang='grc' dir='ltr'>καὶ</span> <span class='ocrx_word' id='word_1_69' title='bbox 1229 999 1261 1058; x_wconf 81' lang='grc' dir='ltr'>τὸ</span> <span class='ocrx_word' id='word_1_70' title='bbox 1276 1020 1367 1078; x_wconf 81' lang='grc' dir='ltr'><strong><em>μεγα-</em></strong></span> 
     </span>
     <span class='ocr_line' id='line_1_8' title="bbox 276 1092 1367 1175; baseline -0.002 -24"><span class='ocrx_word' id='word_1_71' title='bbox 276 1096 439 1175; x_wconf 65' lang='grc' dir='ltr'>λόφρονοῦιι</span> <span class='ocrx_word' id='word_1_72' title='bbox 453 1098 547 1170; x_wconf 78' lang='grc' dir='ltr'>ἀγνοῶ</span> <span class='ocrx_word' id='word_1_73' title='bbox 561 1096 592 1155; x_wconf 79' lang='grc' dir='ltr'>τὸ</span> <span class='ocrx_word' id='word_1_74' title='bbox 601 1100 668 1171; x_wconf 71' lang='grc' dir='ltr'>Ιτόν.</span> <span class='ocrx_word' id='word_1_75' title='bbox 678 1094 781 1174; x_wconf 60' lang='lat' dir='ltr'>lybii</span> <span class='ocrx_word' id='word_1_76' title='bbox 797 1094 962 1173; x_wconf 68' lang='grc' dir='ltr'>πειράσομαι</span> <span class='ocrx_word' id='word_1_77' title='bbox 974 1094 1030 1170; x_wconf 76' lang='grc' dir='ltr'>μὲν</span> <span class='ocrx_word' id='word_1_78' title='bbox 1042 1094 1087 1167; x_wconf 77' lang='lat' dir='ltr'>del</span> <span class='ocrx_word' id='word_1_79' title='bbox 1100 1093 1187 1169; x_wconf 72' lang='grc' dir='ltr'>τιμᾷν</span> <span class='ocrx_word' id='word_1_80' title='bbox 1200 1114 1232 1150; x_wconf 80' lang='grc' dir='ltr'>τε</span> <span class='ocrx_word' id='word_1_81' title='bbox 1252 1092 1367 1161; x_wconf 65' lang='grc' dir='ltr'>τούτοις,</span> 
     </span>
     <span class='ocr_line' id='line_1_9' title="bbox 279 1181 1368 1272; baseline -0.003 -29"><span class='ocrx_word' id='word_1_82' title='bbox 279 1183 321 1253; x_wconf 78' lang='grc' dir='ltr'>οἷς</span> <span class='ocrx_word' id='word_1_83' title='bbox 340 1187 472 1272; x_wconf 75' lang='grc' dir='ltr'>τυγχάνω</span> <span class='ocrx_word' id='word_1_84' title='bbox 491 1186 654 1265; x_wconf 74' lang='grc' dir='ltr'>δυνάμενος,</span> <span class='ocrx_word' id='word_1_85' title='bbox 672 1188 734 1246; x_wconf 70' lang='grc' dir='ltr'>εἶδ’</span> <span class='ocrx_word' id='word_1_86' title='bbox 753 1190 817 1269; x_wconf 66' lang='grc' dir='ltr'>οὐχ,</span> <span class='ocrx_word' id='word_1_87' title='bbox 839 1192 1039 1263; x_wconf 57' lang='lat' dir='ltr'>desponsae,</span> <span class='ocrx_word' id='word_1_88' title='bbox 1054 1181 1118 1241; x_wconf 71' lang='grc' dir='ltr'>οὖδὲ</span> <span class='ocrx_word' id='word_1_89' title='bbox 1131 1186 1203 1241; x_wconf 72' lang='lat' dir='ltr'>sord</span> <span class='ocrx_word' id='word_1_90' title='bbox 1217 1184 1368 1253; x_wconf 69' lang='grc' dir='ltr'>τὴνοιξίιιν</span> 
     </span>
     <span class='ocr_line' id='line_1_10' title="bbox 278 1279 1368 1358; baseline 0.001 -23"><span class='ocrx_word' id='word_1_91' title='bbox 278 1284 328 1348; x_wconf 79' lang='grc' dir='ltr'>τὴν</span> <span class='ocrx_word' id='word_1_92' title='bbox 349 1284 412 1350; x_wconf 75' lang='grc' dir='ltr'>στὶν,</span> <span class='ocrx_word' id='word_1_93' title='bbox 432 1283 463 1339; x_wconf 84' lang='grc' dir='ltr'>τό</span> <span class='ocrx_word' id='word_1_94' title='bbox 483 1304 517 1354; x_wconf 69' lang='grc' dir='ltr'>γι</span> <span class='ocrx_word' id='word_1_95' title='bbox 537 1284 576 1357; x_wconf 80' lang='lat' dir='ltr'>pr)</span> <span class='ocrx_word' id='word_1_96' title='bbox 594 1281 775 1353; x_wconf 73' lang='grc' dir='ltr'>παντάπασιν</span> <span class='ocrx_word' id='word_1_97' title='bbox 799 1281 961 1358; x_wconf 73' lang='grc' dir='ltr'>ἀχαρίστως</span> <span class='ocrx_word' id='word_1_98' title='bbox 981 1279 1058 1357; x_wconf 70' lang='grc' dir='ltr'>ἔχειν</span> <span class='ocrx_word' id='word_1_99' title='bbox 1078 1288 1129 1346; x_wconf 75' lang='grc' dir='ltr'>τῆς</span> <span class='ocrx_word' id='word_1_100' title='bbox 1149 1282 1269 1353; x_wconf 21' lang='grc' dir='ltr'>γνώμης,</span> <span class='ocrx_word' id='word_1_101' title='bbox 1277 1284 1368 1350; x_wconf 76' lang='grc' dir='ltr'>πᾶσιν</span> 
     </span>
     <span class='ocr_line' id='line_1_11' title="bbox 277 1366 849 1455; baseline 0.002 -28"><span class='ocrx_word' id='word_1_102' title='bbox 277 1366 356 1447; x_wconf 75' lang='grc' dir='ltr'>οἶμαι</span> <span class='ocrx_word' id='word_1_103' title='bbox 369 1371 488 1455; x_wconf 69' lang='grc' dir='ltr'>φονερόν</span> <span class='ocrx_word' id='word_1_104' title='bbox 502 1378 695 1455; x_wconf 53' lang='lat' dir='ltr'>toronicus.</span> <span class='ocrx_word' id='word_1_105' title='bbox 736 1372 849 1449; x_wconf 77' lang='grc' dir='ltr'>ἔρῤωοο.</span> 
     </span>
    </p>
   </div>
   <div class='ocr_carea' id='block_1_5' title="bbox 401 1516 1185 1792">
    <p class='ocr_par' dir='ltr' id='par_1_5' title="bbox 401 1516 1185 1792">
     <span class='ocr_line' id='line_1_12' title="bbox 521 1516 1129 1629; baseline -0.008 -12"><span class='ocrx_word' id='word_1_106' title='bbox 521 1516 1129 1629; x_wconf 72' lang='grc' dir='ltr'>ιοΑΝΝΕοιιΕιινΑοιιιε</span> 
     </span>
     <span class='ocr_line' id='line_1_13' title="bbox 401 1714 1185 1792; baseline -0.001 -24"><span class='ocrx_word' id='word_1_107' title='bbox 401 1722 402 1727; x_wconf 76' lang='grc'>’</span> <span class='ocrx_word' id='word_1_108' title='bbox 459 1716 688 1770; x_wconf 81' lang='lat' dir='ltr'>GRAECARUM</span> <span class='ocrx_word' id='word_1_109' title='bbox 709 1716 970 1772; x_wconf 74' lang='lat' dir='ltr'>LlTlEllhRUM</span> <span class='ocrx_word' id='word_1_110' title='bbox 987 1714 1185 1792; x_wconf 74' lang='lat' dir='ltr'>s&#39;runlosts</span> 
     </span>
    </p>
   </div>
   <div class='ocr_carea' id='block_1_6' title="bbox 291 1853 1368 2019">
    <p class='ocr_par' dir='ltr' id='par_1_6' title="bbox 291 1853 1368 2019">
     <span class='ocr_line' id='line_1_14' title="bbox 770 1853 849 1893; baseline 0.013 -2"><span class='ocrx_word' id='word_1_111' title='bbox 770 1853 796 1893; x_wconf 84' lang='lat' dir='ltr'>a.</span> <span class='ocrx_word' id='word_1_112' title='bbox 817 1853 849 1893; x_wconf 88' lang='lat' dir='ltr'>n.</span> 
     </span>
     <span class='ocr_line' id='line_1_15' title="bbox 291 1936 1368 2019; baseline -0.002 -22"><span class='ocrx_word' id='word_1_113' title='bbox 291 1990 294 1997; x_wconf 87' lang='lat'>.</span> <span class='ocrx_word' id='word_1_114' title='bbox 321 1936 520 2001; x_wconf 71' lang='lat' dir='ltr'>Qunuuunn</span> <span class='ocrx_word' id='word_1_115' title='bbox 536 1956 582 1998; x_wconf 89' lang='lat' dir='ltr'>res</span> <span class='ocrx_word' id='word_1_116' title='bbox 596 1940 657 2017; x_wconf 88' lang='lat' dir='ltr'>ipsa</span> <span class='ocrx_word' id='word_1_117' title='bbox 667 1939 772 1998; x_wconf 88' lang='lat' dir='ltr'>docere</span> <span class='ocrx_word' id='word_1_118' title='bbox 786 1949 909 2019; x_wconf 89' lang='lat' dir='ltr'>poterat,</span> <span class='ocrx_word' id='word_1_119' title='bbox 920 1948 1059 2015; x_wconf 88' lang='lat' dir='ltr'>quantum</span> <span class='ocrx_word' id='word_1_120' title='bbox 1070 1936 1133 1995; x_wconf 78' lang='lat' dir='ltr'>hec</span> <span class='ocrx_word' id='word_1_121' title='bbox 1146 1948 1246 1996; x_wconf 85' lang='lat' dir='ltr'>nostre</span> <span class='ocrx_word' id='word_1_122' title='bbox 1259 1936 1368 1995; x_wconf 88' lang='lat' dir='ltr'>Demo·</span> 
     </span>
    </p>
   </div>
   <div class='ocr_carea' id='block_1_7' title="bbox 277 2026 1390 2110">
    <p class='ocr_par' dir='ltr' id='par_1_7' title="bbox 277 2026 1390 2110">
     <span class='ocr_line' id='line_1_16' title="bbox 277 2026 1390 2110; baseline 0.004 -23"><span class='ocrx_word' id='word_1_123' title='bbox 277 2027 393 2091; x_wconf 70' lang='lat' dir='ltr'>athenis</span> <span class='ocrx_word' id='word_1_124' title='bbox 413 2026 584 2089; x_wconf 84' lang='lat' dir='ltr'>Orationum</span> <span class='ocrx_word' id='word_1_125' title='bbox 620 2032 720 2101; x_wconf 87' lang='lat' dir='ltr'>editio,</span> <span class='ocrx_word' id='word_1_126' title='bbox 754 2031 870 2110; x_wconf 87' lang='lat' dir='ltr'>reliquia</span> <span class='ocrx_word' id='word_1_127' title='bbox 903 2028 1131 2106; x_wconf 68' lang='lat' dir='ltr'>omnibusque</span> <span class='ocrx_word' id='word_1_128' title='bbox 1160 2029 1258 2088; x_wconf 88' lang='lat' dir='ltr'>adhuc</span> <span class='ocrx_word' id='word_1_129' title='bbox 1286 2027 1390 2091; x_wconf 81' lang='lat' dir='ltr'>editre.</span> 
     </span>
    </p>
   </div>
   <div class='ocr_carea' id='block_1_8' title="bbox 273 2119 1369 2562">
    <p class='ocr_par' dir='ltr' id='par_1_8' title="bbox 273 2119 1369 2562">
     <span class='ocr_line' id='line_1_17' title="bbox 280 2119 1368 2194; baseline 0.002 -18"><span class='ocrx_word' id='word_1_130' title='bbox 280 2131 358 2194; x_wconf 86' lang='lat' dir='ltr'>sunt,</span> <span class='ocrx_word' id='word_1_131' title='bbox 379 2123 559 2184; x_wconf 76' lang='lat' dir='ltr'><strong>emendatior</strong></span> <span class='ocrx_word' id='word_1_132' title='bbox 576 2125 635 2183; x_wconf 92' lang='lat' dir='ltr'>sit:</span> <span class='ocrx_word' id='word_1_133' title='bbox 658 2124 746 2184; x_wconf 80' lang='lat' dir='ltr'>nostri</span> <span class='ocrx_word' id='word_1_134' title='bbox 767 2136 864 2183; x_wconf 88' lang='lat' dir='ltr'>tamen</span> <span class='ocrx_word' id='word_1_135' title='bbox 886 2123 1013 2180; x_wconf 84' lang='lat' dir='ltr'>muneris</span> <span class='ocrx_word' id='word_1_136' title='bbox 1027 2132 1080 2190; x_wconf 88' lang='lat' dir='ltr'>est,</span> <span class='ocrx_word' id='word_1_137' title='bbox 1096 2121 1219 2193; x_wconf 82' lang='lat' dir='ltr'>vobis,o</span> <span class='ocrx_word' id='word_1_138' title='bbox 1238 2119 1368 2191; x_wconf 73' lang='lat' dir='ltr'><strong>studiosi,</strong></span> 
     </span>
     <span class='ocr_line' id='line_1_18' title="bbox 280 2211 1369 2295; baseline 0.001 -26"><span class='ocrx_word' id='word_1_139' title='bbox 280 2211 419 2285; x_wconf 81' lang='lat' dir='ltr'>indicare,</span> <span class='ocrx_word' id='word_1_140' title='bbox 437 2216 586 2277; x_wconf 76' lang='lat' dir='ltr'>,undenam</span> <span class='ocrx_word' id='word_1_141' title='bbox 610 2216 788 2295; x_wconf 85' lang='lat' dir='ltr'>exemplaria</span> <span class='ocrx_word' id='word_1_142' title='bbox 808 2228 867 2275; x_wconf 81' lang='lat' dir='ltr'>tam</span> <span class='ocrx_word' id='word_1_143' title='bbox 889 2214 1043 2275; x_wconf 83' lang='lat' dir='ltr'>emendata</span> <span class='ocrx_word' id='word_1_144' title='bbox 1062 2213 1265 2273; x_wconf 79' lang='lat' dir='ltr'>habuerimus:</span> <span class='ocrx_word' id='word_1_145' title='bbox 1286 2232 1324 2271; x_wconf 86' lang='lat' dir='ltr'>ne</span> <span class='ocrx_word' id='word_1_146' title='bbox 1338 2224 1369 2271; x_wconf 89' lang='lat' dir='ltr'>et</span> 
     </span>
     <span class='ocr_line' id='line_1_19' title="bbox 273 2306 1368 2376; baseline 0.001 -14"><span class='ocrx_word' id='word_1_147' title='bbox 273 2306 322 2363; x_wconf 83' lang='lat' dir='ltr'>illi</span> <span class='ocrx_word' id='word_1_148' title='bbox 330 2308 438 2370; x_wconf 85' lang='lat' dir='ltr'>merita</span> <span class='ocrx_word' id='word_1_149' title='bbox 450 2308 535 2367; x_wconf 86' lang='lat' dir='ltr'>lande</span> <span class='ocrx_word' id='word_1_150' title='bbox 549 2328 666 2369; x_wconf 90' lang='lat' dir='ltr'>suorum</span> <span class='ocrx_word' id='word_1_151' title='bbox 676 2310 807 2370; x_wconf 89' lang='lat' dir='ltr'>laborum</span> <span class='ocrx_word' id='word_1_152' title='bbox 819 2308 1005 2368; x_wconf 80' lang='lat' dir='ltr'>fraudentur:</span> <span class='ocrx_word' id='word_1_153' title='bbox 1019 2319 1050 2366; x_wconf 90' lang='lat' dir='ltr'>et</span> <span class='ocrx_word' id='word_1_154' title='bbox 1062 2326 1123 2376; x_wconf 86' lang='lat' dir='ltr'>vos,</span> <span class='ocrx_word' id='word_1_155' title='bbox 1137 2317 1282 2365; x_wconf 87' lang='lat' dir='ltr'>tantorum</span> <span class='ocrx_word' id='word_1_156' title='bbox 1295 2307 1368 2373; x_wconf 83' lang='lat' dir='ltr'>viro·</span> 
     </span>
     <span class='ocr_line' id='line_1_20' title="bbox 282 2387 1369 2480; baseline 0.002 -25"><span class='ocrx_word' id='word_1_157' title='bbox 282 2387 345 2455; x_wconf 79' lang='lat' dir='ltr'>rum</span> <span class='ocrx_word' id='word_1_158' title='bbox 360 2398 521 2462; x_wconf 77' lang='lat' dir='ltr'>nominibus</span> <span class='ocrx_word' id='word_1_159' title='bbox 536 2400 649 2471; x_wconf 85' lang='lat' dir='ltr'>auditis,</span> <span class='ocrx_word' id='word_1_160' title='bbox 658 2421 751 2460; x_wconf 86' lang='lat' dir='ltr'>rarum</span> <span class='ocrx_word' id='word_1_161' title='bbox 766 2402 875 2480; x_wconf 89' lang='lat' dir='ltr'>aliquid</span> <span class='ocrx_word' id='word_1_162' title='bbox 883 2410 971 2480; x_wconf 90' lang='lat' dir='ltr'>atque</span> <span class='ocrx_word' id='word_1_163' title='bbox 980 2399 1149 2479; x_wconf 79' lang='lat' dir='ltr'>praeclarum</span> <span class='ocrx_word' id='word_1_164' title='bbox 1159 2398 1193 2456; x_wconf 91' lang='lat' dir='ltr'>iu</span> <span class='ocrx_word' id='word_1_165' title='bbox 1205 2398 1369 2457; x_wconf 85' lang='lat' dir='ltr'>nostrahoc</span> 
     </span>
     <span class='ocr_line' id='line_1_21' title="bbox 281 2489 1369 2562; baseline -0.002 -11"><span class='ocrx_word' id='word_1_166' title='bbox 281 2489 409 2555; x_wconf 79' lang='lat' dir='ltr'>editione</span> <span class='ocrx_word' id='word_1_167' title='bbox 423 2510 498 2562; x_wconf 87' lang='lat' dir='ltr'>esse,</span> <span class='ocrx_word' id='word_1_168' title='bbox 513 2492 592 2551; x_wconf 92' lang='lat' dir='ltr'>nullo</span> <span class='ocrx_word' id='word_1_169' title='bbox 606 2493 693 2551; x_wconf 87' lang='lat' dir='ltr'>modo</span> <span class='ocrx_word' id='word_1_170' title='bbox 701 2494 850 2553; x_wconf 88' lang='lat' dir='ltr'>dubitetis.</span> <span class='ocrx_word' id='word_1_171' title='bbox 882 2494 982 2553; x_wconf 83' lang='lat' dir='ltr'><strong>Solent</strong></span> <span class='ocrx_word' id='word_1_172' title='bbox 993 2493 1069 2551; x_wconf 86' lang='lat' dir='ltr'>enim</span> <span class='ocrx_word' id='word_1_173' title='bbox 1082 2510 1129 2551; x_wconf 90' lang='lat' dir='ltr'>res</span> <span class='ocrx_word' id='word_1_174' title='bbox 1143 2510 1203 2551; x_wconf 90' lang='lat' dir='ltr'>non</span> <span class='ocrx_word' id='word_1_175' title='bbox 1214 2504 1269 2551; x_wconf 87' lang='lat' dir='ltr'>sua</span> <span class='ocrx_word' id='word_1_176' title='bbox 1281 2491 1369 2550; x_wconf 88' lang='lat' dir='ltr'>modo</span> 
     </span>
    </p>
   </div>
   <div class='ocr_carea' id='block_1_9' title="bbox 276 2575 1396 2664">
    <p class='ocr_par' dir='ltr' id='par_1_9' title="bbox 276 2575 1396 2664">
     <span class='ocr_line' id='line_1_22' title="bbox 276 2575 1396 2664; baseline -0.002 -20"><span class='ocrx_word' id='word_1_177' title='bbox 276 2583 308 2644; x_wconf 65' lang='lat' dir='ltr'>kvi</span> <span class='ocrx_word' id='word_1_178' title='bbox 323 2575 354 2642; x_wconf 74' lang='lat' dir='ltr'>e&#39;t</span> <span class='ocrx_word' id='word_1_179' title='bbox 370 2595 483 2655; x_wconf 80' lang='lat' dir='ltr'>nutura,</span> <span class='ocrx_word' id='word_1_180' title='bbox 499 2585 550 2644; x_wconf 89' lang='lat' dir='ltr'>sed</span> <span class='ocrx_word' id='word_1_181' title='bbox 565 2607 629 2645; x_wconf 90' lang='lat' dir='ltr'>cum</span> <span class='ocrx_word' id='word_1_182' title='bbox 645 2588 730 2646; x_wconf 89' lang='lat' dir='ltr'>etiam</span> <span class='ocrx_word' id='word_1_183' title='bbox 744 2592 781 2647; x_wconf 87' lang='lat' dir='ltr'>ab</span> <span class='ocrx_word' id='word_1_184' title='bbox 796 2587 996 2658; x_wconf 87' lang='lat' dir='ltr'>artificio,tum</span> <span class='ocrx_word' id='word_1_185' title='bbox 1011 2585 1190 2644; x_wconf 78' lang='lat' dir='ltr'>velmauime</span> <span class='ocrx_word' id='word_1_186' title='bbox 1203 2585 1241 2644; x_wconf 89' lang='lat' dir='ltr'>ab</span> <span class='ocrx_word' id='word_1_187' title='bbox 1253 2583 1370 2643; x_wconf 82' lang='lat' dir='ltr'>artificis</span> <span class='ocrx_word' id='word_1_188' title='bbox 1393 2658 1396 2664; x_wconf 24' lang='grc' dir='ltr'>Ι</span> 
     </span>
    </p>
   </div>
   <div class='ocr_carea' id='block_1_10' title="bbox 274 2675 1372 3956">
    <p class='ocr_par' dir='ltr' id='par_1_10' title="bbox 274 2675 1372 3956">
     <span class='ocr_line' id='line_1_23' title="bbox 282 2675 1370 2753; baseline 0 -20"><span class='ocrx_word' id='word_1_189' title='bbox 282 2675 457 2742; x_wconf 75' lang='lat' dir='ltr'>excellentie</span> <span class='ocrx_word' id='word_1_190' title='bbox 471 2689 501 2737; x_wconf 92' lang='lat' dir='ltr'>et</span> <span class='ocrx_word' id='word_1_191' title='bbox 521 2679 634 2738; x_wconf 89' lang='lat' dir='ltr'>nomine</span> <span class='ocrx_word' id='word_1_192' title='bbox 653 2680 773 2740; x_wconf 89' lang='lat' dir='ltr'>laudari.</span> <span class='ocrx_word' id='word_1_193' title='bbox 815 2680 998 2738; x_wconf 79' lang='lat' dir='ltr'>Mirabantur</span> <span class='ocrx_word' id='word_1_194' title='bbox 1012 2685 1134 2744; x_wconf 85' lang='lat' dir='ltr'>veteres,</span> <span class='ocrx_word' id='word_1_195' title='bbox 1150 2677 1175 2732; x_wconf 87' lang='lat' dir='ltr'>si</span> <span class='ocrx_word' id='word_1_196' title='bbox 1193 2677 1258 2752; x_wconf 88' lang='lat' dir='ltr'>quis</span> <span class='ocrx_word' id='word_1_197' title='bbox 1278 2676 1370 2753; x_wconf 83' lang='lat' dir='ltr'>Apel-</span> 
     </span>
     <span class='ocr_line' id='line_1_24' title="bbox 281 2761 1370 2843; baseline -0.006 -13"><span class='ocrx_word' id='word_1_198' title='bbox 281 2764 316 2830; x_wconf 76' lang='lat' dir='ltr'>lis</span> <span class='ocrx_word' id='word_1_199' title='bbox 329 2761 530 2830; x_wconf 79' lang='lat' dir='ltr'>vel-Zeuxidis</span> <span class='ocrx_word' id='word_1_200' title='bbox 551 2772 676 2831; x_wconf 88' lang='lat' dir='ltr'>tabulam</span> <span class='ocrx_word' id='word_1_201' title='bbox 690 2771 883 2834; x_wconf 76' lang='lat' dir='ltr'>ostendisset:</span> <span class='ocrx_word' id='word_1_202' title='bbox 898 2781 929 2826; x_wconf 89' lang='lat' dir='ltr'>et</span> <span class='ocrx_word' id='word_1_203' title='bbox 941 2778 994 2825; x_wconf 85' lang='lat' dir='ltr'>nos</span> <span class='ocrx_word' id='word_1_204' title='bbox 1009 2765 1248 2843; x_wconf 64' lang='lat' dir='ltr'>quoquumque</span> <span class='ocrx_word' id='word_1_205' title='bbox 1262 2766 1370 2824; x_wconf 88' lang='lat' dir='ltr'>Dureri</span> 
     </span>
     <span class='ocr_line' id='line_1_25' title="bbox 283 2852 1371 2939; baseline -0.007 -15"><span class='ocrx_word' id='word_1_206' title='bbox 283 2863 420 2936; x_wconf 78' lang='lat' dir='ltr'>genuani,</span> <span class='ocrx_word' id='word_1_207' title='bbox 439 2873 490 2922; x_wconf 87' lang='lat' dir='ltr'>aut</span> <span class='ocrx_word' id='word_1_208' title='bbox 504 2863 612 2922; x_wconf 85' lang='lat' dir='ltr'>Titiani</span> <span class='ocrx_word' id='word_1_209' title='bbox 635 2864 694 2920; x_wconf 86' lang='lat' dir='ltr'>itali</span> <span class='ocrx_word' id='word_1_210' title='bbox 709 2863 853 2939; x_wconf 82' lang='lat' dir='ltr'>picturam</span> <span class='ocrx_word' id='word_1_211' title='bbox 872 2867 1040 2936; x_wconf 79' lang='lat' dir='ltr'>proponatr</span> <span class='ocrx_word' id='word_1_212' title='bbox 1060 2873 1120 2913; x_wconf 88' lang='lat' dir='ltr'>non</span> <span class='ocrx_word' id='word_1_213' title='bbox 1133 2866 1192 2913; x_wconf 87' lang='lat' dir='ltr'>tam</span> <span class='ocrx_word' id='word_1_214' title='bbox 1210 2852 1371 2934; x_wconf 76' lang='lat' dir='ltr'>soepe&#39;arti·</span> 
     </span>
     <span class='ocr_line' id='line_1_26' title="bbox 276 2947 1371 3030; baseline 0 -22"><span class='ocrx_word' id='word_1_215' title='bbox 276 2951 462 3027; x_wconf 35' lang='lat' dir='ltr'>,liciicaussm</span> <span class='ocrx_word' id='word_1_216' title='bbox 476 2973 562 3030; x_wconf 90' lang='lat' dir='ltr'>quam</span> <span class='ocrx_word' id='word_1_217' title='bbox 577 2952 702 3011; x_wconf 86' lang='lat' dir='ltr'>artificis.</span> <span class='ocrx_word' id='word_1_218' title='bbox 722 2971 780 3028; x_wconf 89' lang='lat' dir='ltr'>qua</span> <span class='ocrx_word' id='word_1_219' title='bbox 802 2951 830 3008; x_wconf 88' lang='lat' dir='ltr'>in</span> <span class='ocrx_word' id='word_1_220' title='bbox 851 2969 884 3008; x_wconf 92' lang='lat' dir='ltr'>re</span> <span class='ocrx_word' id='word_1_221' title='bbox 904 2969 964 3008; x_wconf 90' lang='lat' dir='ltr'>non</span> <span class='ocrx_word' id='word_1_222' title='bbox 982 2948 1111 3007; x_wconf 79' lang='lat' dir='ltr'>fallimur</span> <span class='ocrx_word' id='word_1_223' title='bbox 1132 2947 1260 3014; x_wconf 83' lang='lat' dir='ltr'>omnino.</span> <span class='ocrx_word' id='word_1_224' title='bbox 1301 2949 1371 3018; x_wconf 80' lang='lat' dir='ltr'>Per-</span> 
     </span>
     <span class='ocr_line' id='line_1_27' title="bbox 274 3040 1371 3128; baseline 0 -27"><span class='ocrx_word' id='word_1_225' title='bbox 274 3045 468 3128; x_wconf 72' lang='lat' dir='ltr'>magnienim</span> <span class='ocrx_word' id='word_1_226' title='bbox 483 3045 583 3113; x_wconf 82' lang='lat' dir='ltr'><strong>refert,</strong></span> <span class='ocrx_word' id='word_1_227' title='bbox 596 3063 682 3125; x_wconf 89' lang='lat' dir='ltr'>quem</span> <span class='ocrx_word' id='word_1_228' title='bbox 697 3045 833 3123; x_wconf 90' lang='lat' dir='ltr'>quodque</span> <span class='ocrx_word' id='word_1_229' title='bbox 847 3063 918 3122; x_wconf 86' lang='lat' dir='ltr'>opus</span> <span class='ocrx_word' id='word_1_230' title='bbox 929 3054 1060 3112; x_wconf 87' lang='lat' dir='ltr'>autorem</span> <span class='ocrx_word' id='word_1_231' title='bbox 1073 3061 1134 3120; x_wconf 76' lang='lat' dir='ltr'>prm</span> <span class='ocrx_word' id='word_1_232' title='bbox 1147 3061 1179 3100; x_wconf 86' lang='lat' dir='ltr'>oe</span> <span class='ocrx_word' id='word_1_233' title='bbox 1189 3040 1277 3101; x_wconf 86' lang='lat' dir='ltr'>ferat:</span> <span class='ocrx_word' id='word_1_234' title='bbox 1292 3042 1371 3121; x_wconf 88' lang='lat' dir='ltr'>quod</span> 
     </span>
     <span class='ocr_line' id='line_1_28' title="bbox 275 3133 1371 3214; baseline -0.001 -20"><span class='ocrx_word' id='word_1_235' title='bbox 275 3137 320 3194; x_wconf 72' lang='lat' dir='ltr'>ab</span> <span class='ocrx_word' id='word_1_236' title='bbox 333 3136 545 3196; x_wconf 80' lang='lat' dir='ltr'>excellentibus</span> <span class='ocrx_word' id='word_1_237' title='bbox 566 3136 722 3195; x_wconf 86' lang='lat' dir='ltr'>artificibus</span> <span class='ocrx_word' id='word_1_238' title='bbox 736 3155 794 3194; x_wconf 92' lang='lat' dir='ltr'>non</span> <span class='ocrx_word' id='word_1_239' title='bbox 813 3136 866 3194; x_wconf 84' lang='lat' dir='ltr'>nisi</span> <span class='ocrx_word' id='word_1_240' title='bbox 881 3135 1020 3214; x_wconf 74' lang='lat' dir='ltr'>praeclara</span> <span class='ocrx_word' id='word_1_241' title='bbox 1041 3151 1131 3214; x_wconf 87' lang='lat' dir='ltr'>opero</span> <span class='ocrx_word' id='word_1_242' title='bbox 1151 3133 1265 3193; x_wconf 84' lang='lat' dir='ltr'>soleant</span> <span class='ocrx_word' id='word_1_243' title='bbox 1284 3135 1371 3213; x_wconf 71' lang='lat' dir='ltr'>proli,-</span> 
     </span>
     <span class='ocr_line' id='line_1_29' title="bbox 282 3226 1372 3308; baseline -0.001 -22"><span class='ocrx_word' id='word_1_244' title='bbox 282 3229 358 3292; x_wconf 84' lang='lat' dir='ltr'>cisci.</span> <span class='ocrx_word' id='word_1_245' title='bbox 416 3229 466 3288; x_wconf 87' lang='lat' dir='ltr'>Sic</span> <span class='ocrx_word' id='word_1_246' title='bbox 485 3230 535 3288; x_wconf 89' lang='lat' dir='ltr'>ille</span> <span class='ocrx_word' id='word_1_247' title='bbox 553 3238 652 3308; x_wconf 89' lang='lat' dir='ltr'>pastor</span> <span class='ocrx_word' id='word_1_248' title='bbox 673 3249 732 3288; x_wconf 91' lang='lat' dir='ltr'>non</span> <span class='ocrx_word' id='word_1_249' title='bbox 754 3229 868 3308; x_wconf 89' lang='lat' dir='ltr'>ineptus</span> <span class='ocrx_word' id='word_1_250' title='bbox 888 3227 962 3308; x_wconf 89' lang='lat' dir='ltr'>apud</span> <span class='ocrx_word' id='word_1_251' title='bbox 976 3239 1106 3306; x_wconf 87' lang='lat' dir='ltr'>poetam,</span> <span class='ocrx_word' id='word_1_252' title='bbox 1117 3227 1224 3306; x_wconf 84' lang='lat' dir='ltr'>poeula</span> <span class='ocrx_word' id='word_1_253' title='bbox 1236 3226 1315 3305; x_wconf 91' lang='lat' dir='ltr'>quod</span> <span class='ocrx_word' id='word_1_254' title='bbox 1328 3227 1372 3285; x_wconf 90' lang='lat' dir='ltr'>di·</span> 
     </span>
     <span class='ocr_line' id='line_1_30' title="bbox 280 3318 1371 3399; baseline 0 -22"><span class='ocrx_word' id='word_1_255' title='bbox 280 3319 339 3378; x_wconf 82' lang='lat' dir='ltr'>vini</span> <span class='ocrx_word' id='word_1_256' title='bbox 354 3320 569 3380; x_wconf 80' lang='lat' dir='ltr'>Alcimedontis</span> <span class='ocrx_word' id='word_1_257' title='bbox 592 3339 681 3399; x_wconf 88' lang='lat' dir='ltr'>opera</span> <span class='ocrx_word' id='word_1_258' title='bbox 695 3333 803 3392; x_wconf 88' lang='lat' dir='ltr'>essent,</span> <span class='ocrx_word' id='word_1_259' title='bbox 818 3321 915 3399; x_wconf 81' lang='lat' dir='ltr'>magni</span> <span class='ocrx_word' id='word_1_260' title='bbox 935 3319 1069 3379; x_wconf 81' lang='lat' dir='ltr'>iaciendo</span> <span class='ocrx_word' id='word_1_261' title='bbox 1087 3329 1197 3378; x_wconf 85' lang='lat' dir='ltr'>censet.</span> <span class='ocrx_word' id='word_1_262' title='bbox 1241 3318 1326 3385; x_wconf 73' lang='lat' dir='ltr'>Quid</span> <span class='ocrx_word' id='word_1_263' title='bbox 1346 3319 1371 3377; x_wconf 87' lang='lat' dir='ltr'>si</span> 
     </span>
     <span class='ocr_line' id='line_1_31' title="bbox 278 3407 1370 3494; baseline -0.001 -23"><span class='ocrx_word' id='word_1_264' title='bbox 278 3407 377 3472; x_wconf 84' lang='lat' dir='ltr'>omnia</span> <span class='ocrx_word' id='word_1_265' title='bbox 389 3414 499 3492; x_wconf 87' lang='lat' dir='ltr'>reliqua</span> <span class='ocrx_word' id='word_1_266' title='bbox 519 3414 666 3486; x_wconf 84' lang='lat' dir='ltr'>accedant,</span> <span class='ocrx_word' id='word_1_267' title='bbox 679 3433 744 3494; x_wconf 83' lang='lat' dir='ltr'>quoe</span> <span class='ocrx_word' id='word_1_268' title='bbox 756 3414 854 3474; x_wconf 85' lang='lat' dir='ltr'>vulent</span> <span class='ocrx_word' id='word_1_269' title='bbox 866 3414 905 3472; x_wconf 87' lang='lat' dir='ltr'>ed</span> <span class='ocrx_word' id='word_1_270' title='bbox 918 3411 1043 3482; x_wconf 85' lang='lat' dir='ltr'>leudem,</span> <span class='ocrx_word' id='word_1_271' title='bbox 1058 3422 1089 3470; x_wconf 92' lang='lat' dir='ltr'>et</span> <span class='ocrx_word' id='word_1_272' title='bbox 1098 3411 1226 3470; x_wconf 83' lang='lat' dir='ltr'>materies</span> <span class='ocrx_word' id='word_1_273' title='bbox 1246 3411 1370 3483; x_wconf 81' lang='lat' dir='ltr'>bonitas3</span> 
     </span>
     <span class='ocr_line' id='line_1_32' title="bbox 279 3503 1372 3586; baseline -0.003 -20"><span class='ocrx_word' id='word_1_274' title='bbox 279 3503 437 3567; x_wconf 81' lang='lat' dir='ltr'>‚etartihoii</span> <span class='ocrx_word' id='word_1_275' title='bbox 458 3506 650 3584; x_wconf 83' lang='lat' dir='ltr'>pulchritudo,</span> <span class='ocrx_word' id='word_1_276' title='bbox 665 3517 695 3566; x_wconf 90' lang='lat' dir='ltr'>et</span> <span class='ocrx_word' id='word_1_277' title='bbox 709 3505 826 3584; x_wconf 76' lang='lat' dir='ltr'>artificis</span> <span class='ocrx_word' id='word_1_278' title='bbox 847 3504 1022 3586; x_wconf 85' lang='lat' dir='ltr'>praestantia,</span> <span class='ocrx_word' id='word_1_279' title='bbox 1045 3523 1141 3563; x_wconf 91' lang='lat' dir='ltr'>nonne</span> <span class='ocrx_word' id='word_1_280' title='bbox 1161 3503 1372 3584; x_wconf 80' lang='lat' dir='ltr'>tompe&#39;rsecto</span> 
     </span>
     <span class='ocr_line' id='line_1_33' title="bbox 278 3585 1371 3664; baseline 0 -10"><span class='ocrx_word' id='word_1_281' title='bbox 278 3585 313 3661; x_wconf 75' lang='lat' dir='ltr'>,et</span> <span class='ocrx_word' id='word_1_282' title='bbox 326 3589 523 3657; x_wconf 77' lang='lat' dir='ltr'>¹consummato</span> <span class='ocrx_word' id='word_1_283' title='bbox 533 3599 595 3658; x_wconf 85' lang='lat' dir='ltr'>laus</span> <span class='ocrx_word' id='word_1_284' title='bbox 610 3619 673 3658; x_wconf 88' lang='lat' dir='ltr'>esse</span> <span class='ocrx_word' id='word_1_285' title='bbox 683 3598 834 3658; x_wconf 72' lang='lat' dir='ltr'>videatur?</span> <span class='ocrx_word' id='word_1_286' title='bbox 875 3597 1070 3664; x_wconf 78' lang='lat' dir='ltr'>Quamobrem</span> <span class='ocrx_word' id='word_1_287' title='bbox 1083 3615 1149 3655; x_wconf 89' lang='lat' dir='ltr'>cum</span> <span class='ocrx_word' id='word_1_288' title='bbox 1163 3592 1215 3656; x_wconf 88' lang='lat' dir='ltr'>nos</span> <span class='ocrx_word' id='word_1_289' title='bbox 1227 3597 1257 3654; x_wconf 91' lang='lat' dir='ltr'>in</span> <span class='ocrx_word' id='word_1_290' title='bbox 1271 3607 1371 3656; x_wconf 87' lang='lat' dir='ltr'>nostro</span> 
     </span>
     <span class='ocr_line' id='line_1_34' title="bbox 281 3689 1371 3762; baseline 0 -15"><span class='ocrx_word' id='word_1_291' title='bbox 281 3690 340 3748; x_wconf 91' lang='lat' dir='ltr'>hoc</span> <span class='ocrx_word' id='word_1_292' title='bbox 352 3690 550 3750; x_wconf 86' lang='lat' dir='ltr'>Demosthene</span> <span class='ocrx_word' id='word_1_293' title='bbox 559 3691 691 3762; x_wconf 77' lang='lat' dir='ltr'>edendo,</span> <span class='ocrx_word' id='word_1_294' title='bbox 701 3692 823 3750; x_wconf 88' lang='lat' dir='ltr'>duorum</span> <span class='ocrx_word' id='word_1_295' title='bbox 838 3690 1059 3750; x_wconf 85' lang='lat' dir='ltr'>clarissimorum</span> <span class='ocrx_word' id='word_1_296' title='bbox 1072 3689 1205 3761; x_wconf 89' lang='lat' dir='ltr'>virorum,</span> <span class='ocrx_word' id='word_1_297' title='bbox 1217 3689 1297 3748; x_wconf 87' lang='lat' dir='ltr'>Petri</span> <span class='ocrx_word' id='word_1_298' title='bbox 1307 3689 1371 3747; x_wconf 89' lang='lat' dir='ltr'>Da·</span> 
     </span>
     <span class='ocr_line' id='line_1_35' title="bbox 282 3781 1371 3863; baseline 0 -22"><span class='ocrx_word' id='word_1_299' title='bbox 282 3782 355 3845; x_wconf 86' lang='lat' dir='ltr'>nesii</span> <span class='ocrx_word' id='word_1_300' title='bbox 369 3782 456 3851; x_wconf 85' lang='lat' dir='ltr'>Galli,</span> <span class='ocrx_word' id='word_1_301' title='bbox 478 3794 507 3842; x_wconf 89' lang='lat' dir='ltr'>et</span> <span class='ocrx_word' id='word_1_302' title='bbox 521 3785 667 3844; x_wconf 87' lang='lat' dir='ltr'>Vincentii</span> <span class='ocrx_word' id='word_1_303' title='bbox 681 3784 820 3863; x_wconf 78' lang='lat' dir='ltr'>Obsopoci</span> <span class='ocrx_word' id='word_1_304' title='bbox 834 3783 981 3853; x_wconf 87' lang='lat' dir='ltr'>Germani,</span> <span class='ocrx_word' id='word_1_305' title='bbox 1001 3781 1185 3859; x_wconf 78' lang='lat' dir='ltr'>exemplaria,</span> <span class='ocrx_word' id='word_1_306' title='bbox 1207 3781 1371 3860; x_wconf 77' lang='lat' dir='ltr'>castigatio·</span> 
     </span>
     <span class='ocr_line' id='line_1_36' title="bbox 282 3867 1372 3956; baseline -0.005 -18"><span class='ocrx_word' id='word_1_307' title='bbox 282 3896 393 3956; x_wconf 88' lang='lat' dir='ltr'>nesque</span> <span class='ocrx_word' id='word_1_308' title='bbox 407 3878 500 3936; x_wconf 87' lang='lat' dir='ltr'>secuti</span> <span class='ocrx_word' id='word_1_309' title='bbox 515 3867 611 3948; x_wconf 82' lang='lat' dir='ltr'>simus,</span> <span class='ocrx_word' id='word_1_310' title='bbox 618 3883 679 3952; x_wconf 86' lang='lat' dir='ltr'>jam</span> <span class='ocrx_word' id='word_1_311' title='bbox 693 3878 861 3937; x_wconf 85' lang='lat' dir='ltr'>existimare</span> <span class='ocrx_word' id='word_1_312' title='bbox 874 3876 995 3946; x_wconf 86' lang='lat' dir='ltr'>debetis,</span> <span class='ocrx_word' id='word_1_313' title='bbox 1009 3873 1124 3952; x_wconf 88' lang='lat' dir='ltr'>quelem</span> <span class='ocrx_word' id='word_1_314' title='bbox 1138 3873 1219 3932; x_wconf 86' lang='lat' dir='ltr'>vobis</span> <span class='ocrx_word' id='word_1_315' title='bbox 1229 3874 1372 3947; x_wconf 73' lang='lat' dir='ltr'>‚exhiben-</span> 
     </span>
    </p>
   </div>
   <div class='ocr_carea' id='block_1_11' title="bbox 279 3957 1425 4045">
    <p class='ocr_par' dir='ltr' id='par_1_11' title="bbox 279 3957 1425 4045">
     <span class='ocr_line' id='line_1_37' title="bbox 279 3957 1425 4045; baseline -0.003 -15"><span class='ocrx_word' id='word_1_316' title='bbox 279 3987 345 4031; x_wconf 86' lang='lat' dir='ltr'>mus</span> <span class='ocrx_word' id='word_1_317' title='bbox 366 3957 605 4039; x_wconf 86' lang='lat' dir='ltr'>Demosthenem,</span> <span class='ocrx_word' id='word_1_318' title='bbox 626 3969 746 4030; x_wconf 86' lang='lat' dir='ltr'>nitidum</span> <span class='ocrx_word' id='word_1_319' title='bbox 766 3981 857 4042; x_wconf 88' lang='lat' dir='ltr'>certe,</span> <span class='ocrx_word' id='word_1_320' title='bbox 876 3979 909 4027; x_wconf 92' lang='lat' dir='ltr'>et</span> <span class='ocrx_word' id='word_1_321' title='bbox 928 3965 1084 4024; x_wconf 89' lang='lat' dir='ltr'>innumeris</span> <span class='ocrx_word' id='word_1_322' title='bbox 1105 3967 1249 4025; x_wconf 84' lang='lat' dir='ltr'>erroribus</span> <span class='ocrx_word' id='word_1_323' title='bbox 1269 3986 1371 4045; x_wconf 88' lang='lat' dir='ltr'>repur-</span> <span class='ocrx_word' id='word_1_324' title='bbox 1421 3974 1425 3978; x_wconf 82' lang='grc'><strong>’</strong></span> 
     </span>
    </p>
   </div>
   <div class='ocr_carea' id='block_1_12' title="bbox 278 4057 1373 4608">
    <p class='ocr_par' dir='ltr' id='par_1_12' title="bbox 278 4057 1373 4608">
     <span class='ocr_line' id='line_1_38' title="bbox 283 4057 1370 4141; baseline -0.006 -19"><span class='ocrx_word' id='word_1_325' title='bbox 283 4075 391 4141; x_wconf 78' lang='lat' dir='ltr'>gutum.</span> <span class='ocrx_word' id='word_1_326' title='bbox 433 4061 537 4139; x_wconf 87' lang='lat' dir='ltr'>Neque</span> <span class='ocrx_word' id='word_1_327' title='bbox 551 4061 627 4120; x_wconf 88' lang='lat' dir='ltr'>enim</span> <span class='ocrx_word' id='word_1_328' title='bbox 649 4061 719 4120; x_wconf 87' lang='lat' dir='ltr'>ullis</span> <span class='ocrx_word' id='word_1_329' title='bbox 734 4071 784 4119; x_wconf 88' lang='lat' dir='ltr'>aut</span> <span class='ocrx_word' id='word_1_330' title='bbox 804 4061 957 4128; x_wconf 83' lang='lat' dir='ltr'>sumtibus,</span> <span class='ocrx_word' id='word_1_331' title='bbox 978 4067 1031 4115; x_wconf 86' lang='lat' dir='ltr'>aut</span> <span class='ocrx_word' id='word_1_332' title='bbox 1050 4057 1370 4137; x_wconf 80' lang='lat' dir='ltr'>laboribusparoiruue,</span> 
     </span>
     <span class='ocr_line' id='line_1_39' title="bbox 281 4151 1372 4232; baseline 0.001 -23"><span class='ocrx_word' id='word_1_333' title='bbox 281 4175 339 4231; x_wconf 85' lang='lat' dir='ltr'>quo</span> <span class='ocrx_word' id='word_1_334' title='bbox 360 4154 441 4216; x_wconf 84' lang='lat' dir='ltr'>vobis</span> <span class='ocrx_word' id='word_1_335' title='bbox 462 4164 575 4222; x_wconf 85' lang='lat' dir='ltr'>veteres</span> <span class='ocrx_word' id='word_1_336' title='bbox 595 4153 661 4212; x_wconf 82' lang='lat' dir='ltr'>illos</span> <span class='ocrx_word' id='word_1_337' title='bbox 683 4153 832 4232; x_wconf 88' lang='lat' dir='ltr'>utriusque</span> <span class='ocrx_word' id='word_1_338' title='bbox 854 4154 962 4229; x_wconf 79' lang='lat' dir='ltr'>lingue</span> <span class='ocrx_word' id='word_1_339' title='bbox 984 4159 1101 4209; x_wconf 86' lang='lat' dir='ltr'>autores</span> <span class='ocrx_word' id='word_1_340' title='bbox 1124 4151 1295 4210; x_wconf 84' lang='lat' dir='ltr'>clarissimos</span> <span class='ocrx_word' id='word_1_341' title='bbox 1316 4169 1372 4210; x_wconf 87' lang='lat' dir='ltr'>suo</span> 
     </span>
     <span class='ocr_line' id='line_1_40' title="bbox 278 4232 1372 4323; baseline -0.003 -21"><span class='ocrx_word' id='word_1_342' title='bbox 278 4249 401 4323; x_wconf 84' lang='lat' dir='ltr'>pristino</span> <span class='ocrx_word' id='word_1_343' title='bbox 416 4247 501 4306; x_wconf 88' lang='lat' dir='ltr'>nitori</span> <span class='ocrx_word' id='word_1_344' title='bbox 516 4247 665 4307; x_wconf 86' lang='lat' dir='ltr'>restitutos</span> <span class='ocrx_word' id='word_1_345' title='bbox 679 4245 878 4304; x_wconf 82' lang='lat' dir='ltr'>exhibeamus.</span> <span class='ocrx_word' id='word_1_346' title='bbox 921 4232 1044 4302; x_wconf 78' lang='lat' dir='ltr'>Habetis</span> <span class='ocrx_word' id='word_1_347' title='bbox 1055 4242 1142 4320; x_wconf 77' lang='lat' dir='ltr'>igitur</span> <span class='ocrx_word' id='word_1_348' title='bbox 1155 4244 1184 4301; x_wconf 88' lang='lat' dir='ltr'>in</span> <span class='ocrx_word' id='word_1_349' title='bbox 1198 4244 1258 4305; x_wconf 89' lang='lat' dir='ltr'>hoe</span> <span class='ocrx_word' id='word_1_350' title='bbox 1269 4254 1372 4302; x_wconf 75' lang='lat' dir='ltr'>tutore</span> 
     </span>
     <span class='ocr_line' id='line_1_41' title="bbox 279 4331 1372 4420; baseline -0.009 -18"><span class='ocrx_word' id='word_1_351' title='bbox 279 4340 381 4414; x_wconf 79' lang='lat' dir='ltr'>¹omnia</span> <span class='ocrx_word' id='word_1_352' title='bbox 398 4342 458 4411; x_wconf 86' lang='lat' dir='ltr'>illa,</span> <span class='ocrx_word' id='word_1_353' title='bbox 471 4331 536 4420; x_wconf 84' lang='lat' dir='ltr'>quae</span> <span class='ocrx_word' id='word_1_354' title='bbox 550 4339 638 4418; x_wconf 84' lang='lat' dir='ltr'>modo</span> <span class='ocrx_word' id='word_1_355' title='bbox 652 4338 690 4397; x_wconf 91' lang='lat' dir='ltr'>ad</span> <span class='ocrx_word' id='word_1_356' title='bbox 703 4338 864 4417; x_wconf 80' lang='lat' dir='ltr'>perfectam</span> <span class='ocrx_word' id='word_1_357' title='bbox 886 4335 1001 4395; x_wconf 84' lang='lat' dir='ltr'>laudem</span> <span class='ocrx_word' id='word_1_358' title='bbox 1023 4334 1129 4413; x_wconf 85' lang='lat' dir='ltr'>requiri</span> <span class='ocrx_word' id='word_1_359' title='bbox 1144 4334 1294 4394; x_wconf 78' lang='lat' dir='ltr'>dloebeus:</span> <span class='ocrx_word' id='word_1_360' title='bbox 1309 4334 1372 4393; x_wconf 88' lang='lat' dir='ltr'>De·</span> 
     </span>
     <span class='ocr_line' id='line_1_42' title="bbox 281 4419 1373 4512; baseline -0.004 -21"><span class='ocrx_word' id='word_1_361' title='bbox 281 4419 465 4491; x_wconf 83' lang='lat' dir='ltr'>mosthenem</span> <span class='ocrx_word' id='word_1_362' title='bbox 475 4435 567 4511; x_wconf 85' lang='lat' dir='ltr'>ipsum</span> <span class='ocrx_word' id='word_1_363' title='bbox 578 4433 711 4512; x_wconf 86' lang='lat' dir='ltr'>primum,</span> <span class='ocrx_word' id='word_1_364' title='bbox 723 4444 754 4492; x_wconf 85' lang='lat' dir='ltr'>at</span> <span class='ocrx_word' id='word_1_365' title='bbox 767 4430 817 4490; x_wconf 88' lang='lat' dir='ltr'>Dii</span> <span class='ocrx_word' id='word_1_366' title='bbox 830 4429 909 4499; x_wconf 87' lang='lat' dir='ltr'>boul,</span> <span class='ocrx_word' id='word_1_367' title='bbox 919 4443 1056 4508; x_wconf 83' lang='lat' dir='ltr'>quantum</span> <span class='ocrx_word' id='word_1_368' title='bbox 1067 4429 1228 4489; x_wconf 76' lang='lat' dir='ltr'>artificem?</span> <span class='ocrx_word' id='word_1_369' title='bbox 1247 4427 1373 4505; x_wconf 82' lang='lat' dir='ltr'>qualem·</span> 
     </span>
     <span class='ocr_line' id='line_1_43' title="bbox 285 4520 1371 4608; baseline -0.002 -24"><span class='ocrx_word' id='word_1_370' title='bbox 285 4545 322 4584; x_wconf 88' lang='lat' dir='ltr'>ve</span> <span class='ocrx_word' id='word_1_371' title='bbox 343 4527 508 4585; x_wconf 70' lang='lat' dir='ltr'>oratorem?</span> <span class='ocrx_word' id='word_1_372' title='bbox 529 4544 604 4599; x_wconf 87' lang='lat' dir='ltr'>eum,</span> <span class='ocrx_word' id='word_1_373' title='bbox 617 4542 702 4608; x_wconf 85' lang='lat' dir='ltr'>quem</span> <span class='ocrx_word' id='word_1_374' title='bbox 723 4525 922 4606; x_wconf 71' lang='lat' dir='ltr'>aspectabant,</span> <span class='ocrx_word' id='word_1_375' title='bbox 938 4530 1019 4600; x_wconf 84' lang='lat' dir='ltr'>cujus</span> <span class='ocrx_word' id='word_1_376' title='bbox 1040 4525 1078 4585; x_wconf 90' lang='lat' dir='ltr'>ob</span> <span class='ocrx_word' id='word_1_377' title='bbox 1091 4543 1126 4584; x_wconf 89' lang='lat' dir='ltr'>os</span> <span class='ocrx_word' id='word_1_378' title='bbox 1149 4520 1231 4583; x_wconf 77' lang='lat' dir='ltr'>Graii</span> <span class='ocrx_word' id='word_1_379' title='bbox 1250 4539 1302 4582; x_wconf 81' lang='lat' dir='ltr'>ora</span> <span class='ocrx_word' id='word_1_380' title='bbox 1320 4521 1371 4582; x_wconf 81' lang='lat' dir='ltr'>ob·</span> 
     </span>
    </p>
   </div>
   <div class='ocr_carea' id='block_1_13' title="bbox 0 0 1590 5125">
    <p class='ocr_par' dir='ltr' id='par_1_13' title="bbox 0 0 1590 5125">
     <span class='ocr_line' id='line_1_44' title="bbox 0 0 1590 5125; baseline 0 0"><span class='ocrx_word' id='word_1_381' title='bbox 0 0 1590 5125; x_wconf 95' lang='lat' dir='ltr'> </span> 
     </span>
    </p>
   </div>
  </div>
 </body>
</html>
