3150 5125
302 403 383 474 'ab
644 401 806 472 nulsrtlt
829 403 1056 472 PRAEFATIO

299 563 351 638 uo,
373 562 534 639 anuum,
554 521 971 646 naenguu'srnoumaeo,
986 563 1054 626 vv.
1070 563 1134 624 oc.
1150 555 1327 636 munnae„
1351 559 1411 643 qur
1532 642 1535 661 ί

300 673 359 717 sua
368 659 508 736 cujusque
520 659 597 718 hona
610 659 651 718 ita
670 659 807 736 benigne,
821 675 907 737 paene
929 657 1059 728 dixerim,
1074 655 1143 714 mihi
1157 657 1351 733 ingesserunt,
1366 658 1409 716 sit

300 760 380 809 esset
391 750 421 807 in
434 750 468 809 iis
481 749 553 809 recti
566 761 599 810 et
612 750 756 829 elegantis
765 749 809 807 vir
816 749 928 824 judicii,
941 747 1092 820 Oellelius,
1107 747 1157 826 qui
1171 747 1407 825 rogandum-nie

298 841 396 922 potius
408 841 553 921 censeret,
566 842 625 902 suis
638 854 674 901 ut
685 841 791 901 vellem
803 841 889 902 honis
900 841 952 912 uti,
962 861 1049 919 quarn
1063 861 1105 911 se,
1120 850 1268 899 uteorum
1284 840 1405 918 copiam

296 935 428 1004 facerem
447 937 608 1020 ‘majusque
624 953 657 994 se
677 934 808 1005 dantem,
820 950 909 1011 quam
929 951 977 993 me
997 932 1201 1011 accipientem,
1221 930 1403 991 beneficium

300 1025 415 1085 aniene
427 1025 593 1084 affirmaret.
634 1027 710 1091 Qun
723 1041 898 1103 quamquam
916 1023 1098 1094 tardioribus,
1113 1029 1164 1082 aut
1176 1022 1301 1100 questui
1314 1021 1402 1106 cledi-

291 1115 349 1184 tls,
373 1115 528 1175 habebitur
549 1115 736 1175 humanitatis
759 1115 895 1194 quedam
917 1115 1147 1195 intemperantia,
1168 1113 1401 1193 perspicaciores

298 1217 442 1266 tamenet
461 1206 639 1268 liberaliores
655 1208 889 1267 ‘consentientem
906 1225 972 1266 eam
984 1207 1098 1267 verimi
1118 1206 1269 1266 invenient
1288 1205 1398 1264 matio·

296 1318 380 1358 nem.
420 1299 521 1377 Hujus
532 1298 595 1371 viri,
614 1302 696 1378 cujus
714 1300 746 1358 in
762 1297 864 1358 laudes
883 1299 969 1376 gesh't
981 1299 1093 1358 animus
1107 1291 1276 1369 excurrere,
1295 1297 1336 1357 it'a
1348 1303 1396 1357 m'a

299 1409 398 1450 mores
411 1392 476 1468 ejus
488 1391 582 1470 politi,
595 1391 638 1450 ita
653 1390 765 1451 candor
777 1391 875 1462 animi,
890 1391 931 1449 ita
943 1389 1049 1450 litterae
1062 1389 1202 1460 mirificae,
1214 1390 1256 1448 ita
1269 1389 1396 1448 latinitas

298 1483 455 1564 exquisita,
474 1505 533 1562 qua
549 1503 617 1544 suas
637 1470 871 1542 adine-litteras
892 1483 1002 1553 condit,
1021 1480 1224 1561 cepere3'serl
1236 1481 1394 1540 locas-non

299 1577 428 1656 pariture
454 1578 539 1651 hujus
549 1577 640 1655 igitur
652 1575 843 1634 subtilitatem
856 1585 945 1652 atque
959 1575 1131 1652 elegantiam
1141 1573 1245 1650 judicii
1259 1573 1314 1632 sihi
1328 1589 1393 1651 pro·

298 1680 391 1747 ponat
403 1668 582 1739 imitandam,
594 1669 619 1726 si
632 1667 696 1745 quis
709 1666 869 1745 intoffi'gm,
877 1669 906 1724 in
921 1685 980 1745 quo
994 1669 1097 1738 suain
1111 1686 1170 1746 quo
1183 1666 1302 1745 publiea
1315 1666 1392 1726 litte·

297 1777 392 1818 rarum
412 1779 460 1818 res
479 1771 594 1837 agatur.
636 1758 699 1818 Nos
721 1757 866 1838 profecto,
888 1770 1033 1838 quotquot
1052 1778 1152 1820 sumus
1164 1758 1253 1836 vulgo
1272 1757 1391 1828 derisui,

296 1850 430 1910 homines
443 1852 517 1920 nevi,
531 1852 684 1922 honorum,
696 1862 726 1912 et
737 1851 878 1921 mollitiei,
894 1863 924 1910 et
935 1853 1033 1923 luxus,
1048 1863 1079 1912 et
1092 1850 1309 1932 splendoris,·et
1321 1851 1391 1910 diri·

293 1943 404 2002 ·tiarum
428 1954 634 2014 contemtores,
656 1949 775 2004 mntem
799 1943 902 2003 macne
926 1944 954 2002 in
970 1944 1115 2004 litterulis
1140 1953 1272 2022 egentes,
1298 1941 1389 2022 iisqne

295 2035 399 2106 otium,
420 2035 560 2109 fortunas,
579 2037 687 2096 honam
706 2033 915 2114 valetudinem,
936 2036 1065 2115 spiritum
1085 2035 1179 2115 ipsum
1202 2035 1389 2106 insumentes,

297 2127 374 2185 ultro
387 2126 474 2187 etiam
484 2145 600 2187 eramus
610 2127 759 2198 invitandi,
773 2138 872 2205 atque,
886 2128 945 2188 suis
959 2133 992 2186 ut
1003 2128 1089 2186 honis
1101 2133 1258 2196 ute'rernur,
1269 2127 1389 2205 rogandi

298 2218 336 2278 ah
357 2216 412 2288 his,
432 2218 457 2276 si
474 2219 523 2296 qui
543 2219 588 2290 iis,
599 2229 692 2278 ³auts
711 2218 831 2278 fortuna
849 2219 1029 2290 oblatis,=aut
1041 2219 1141 2278 labore
1155 2217 1252 2298 putis,
1265 2217 1327 2276 sive
1337 2237 1390 2296 per

296 2311 502 2389 negotia,·sive
517 2329 697 2390 quecumque
710 2309 767 2370 alie
779 2310 818 2370 de
833 2329 931 2381 causa
946 2311 1000 2389 ipsi
1019 2310 1062 2370 uti
1079 2317 1236 2389 ne'quesnt.
1278 2309 1387 2369 Neserh

296 2405 374 2463 mim
394 2423 433 2462 an
445 2403 605 2482 possessori
617 2405 760 2464 bonorum
773 2403 962 2482 singularium
976 2414 1007 2463 et
1017 2403 1135 2462 inventu
1149 2421 1279 2462 rarorum
1290 2407 1387 2476 vmqiu's

293 2494 384 2554 etiem
397 2494 489 2553 decus
501 2493 661 2573 publicatio
674 2513 776 2554 eorum
789 2493 901 2567 afferat,
914 2513 1000 2574 quam
1015 2495 1182 2554 obscurant
1199 2493 1387 2565 infructuose,

294 2586 420 2664 quasi-in
433 2605 553 2646 carcere
571 2588 697 2665 quodam
710 2587 896 2668 mancipatio,
911 2586 1012 2647 minuti
1033 2587 1114 2647 testie
1128 2586 1292 2656 animiam
1306 2587 1386 2665 cupi·

293 2677 394 2738 ditatis
419 2678 497 2737 hona
519 2696 573 2741 sua
597 2680 806 2758 prostituentis.
846 2678 927 2746 Quid
954 2678 1030 2737 enim
1057 2679 1137 2739 aliud
1163 2679 1383 2747 bibliothecarii,

292 2772 476 2832 membranas
488 2790 554 2831 suas
566 2774 686 2833 uenales
698 2774 849 2842 habentes,
862 2790 949 2849 quem
971 2768 1101 2843 lenones,
1115 2772 1229 2852 puellae
1241 2790 1310 2851 suas
1322 2772 1383 2850 plu's

292 2864 394 2924 licenti
404 2863 583 2933 uendentes,
594 2875 625 2923 et
637 2875 781 2941 quaestum
796 2882 832 2922 ex
847 2862 880 2921 iis
890 2863 1058 2925 lenientes?
1074 2866 1188 2925 Beatos
1199 2864 1297 2943 itaque
1309 2864 1382 2937 illos,

291 2955 342 3031 qui
363 2973 382 3013 a
402 2965 443 3026 te,
466 2954 597 3023 Askewi,
613 2952 783 3030 egenisque
804 2953 861 3011 tuis
881 2954 1002 3033 propius
1024 2958 1141 3029 absunt,
1163 2957 1267 3036 quihus
1287 2956 1382 3025 iniis,

291 3044 322 3103 in
332 3056 441 3120 tuaque
449 3043 629 3103 humanitate
642 3054 673 3102 et
685 3044 916 3105 communicandi
929 3046 1070 3109 facilitate
1083 3060 1214 3127 paratum
1222 3060 1275 3109 est
1284 3048 1383 3127 presi·

287 3135 388 3193 dium!
411 3135 520 3193 Beatos
533 3145 675 3211 posteros,
690 3136 794 3213 quihus
808 3135 855 3197 hic
869 3136 934 3199 fons
948 3158 966 3199 a
979 3150 1009 3198 te
1023 3151 1141 3219 apertus
1154 3141 1293 3201 menahitl
1307 3142 1383 3201 Bea-

290 3238 352 3287 tum
371 3244 418 3285 me
437 3244 566 3305 quoque,
585 3227 633 3285 cui
654 3229 763 3289 tuhoc
782 3229 925 3303 tribueris,
947 3242 980 3291 ut
1000 3233 1157 3295 ministerio
1168 3252 1244 3293 meo
1265 3232 1398 3313 Taylori.

288 3318 424 3388 schedas,
438 3317 492 3377 viri
505 3318 544 3377 de
564 3319 764 3381 Demosthene
777 3323 949 3403 caterisque
968 3326 1129 3387 oratoribus
1146 3326 1245 3387 atticis
1265 3325 1384 3404 egregie
1488 3349 1493 3358 ·

284 3410 397 3478 meriti,
411 3410 474 3469 orbi
486 3410 612 3471 litterato
625 3412 716 3473 velles
728 3412 884 3491 impertire.
921 3416 1039 3475 Summi
1059 3437 1138 3477 eme
1152 3418 1322 3497 Teylorum,
1336 3417 1381 3477 sic

289 3502 434 3573 meritum,
446 3502 519 3574 lieri,
534 3522 602 3563 cum
617 3504 665 3563 hio
678 3515 769 3565 testor
779 3506 860 3565 hona
872 3507 941 3579 fide,
954 3518 1015 3567 tum
1028 3509 1058 3567 in
1071 3510 1251 3589 prefatione,
1260 3520 1298 3569 et
1311 3510 1379 3569 elihi

288 3599 505 3672 soepetes'tatus
518 3616 591 3657 sum.
632 3598 668 3657 In
686 3598 883 3657 locos-autem
902 3600 1033 3677 ejusdem
1054 3602 1231 3680 praefationis
1248 3620 1314 3661 cum
1336 3602 1380 3661 in-

281 3688 380 3757 cides,
400 3688 440 3745 mi
465 3687 593 3760 Aslewi,
605 3710 674 3761 eos,
694 3690 750 3749 ubi
772 3690 810 3749 de
827 3690 952 3771 ,Taylsri
971 3702 1059 3771 atque
1077 3693 1253 3763 Markleudi,
1274 3692 1377 3753 civium

285 3793 413 3851 tuorum,
425 3781 462 3841 de
476 3782 676 3843 Demosthene
690 3783 808 3854 meritis,
819 3783 920 3855 libere,
935 3804 988 3863 pro
1002 3805 1088 3846 seusu
1101 3804 1177 3856 meo,
1186 3786 1378 3860 judicandum

281 3874 356 3936 mihi
371 3892 435 3933 esse
448 3874 530 3945 duxi,
545 3876 700 3951 tambene
718 3875 757 3935 de
774 3888 836 3948 tua,
855 3876 1013 3955 populique
1030 3878 1072 3937 tui
1092 3878 1226 3949 universi,
1239 3878 1377 3956 aequitate

283 3986 378 4046 spero,
391 3967 590 4039 utconlidam,
600 3968 743 4047 ejusmodi
757 3968 838 4027 locos
849 3969 999 4029 offensioni
1011 3969 1092 4029 uobis
1102 3990 1159 4029 non
1174 3989 1238 4029 esse
1251 3970 1375 4041 futuros,

282 4060 494 4140 reputantibus·
537 4061 698 4139 optimum,
713 4060 846 4119 humanis
856 4062 885 4119 in
899 4063 986 4121 rebus
1000 4064 1131 4123 omnibus
1144 4062 1215 4121 nihil
1229 4080 1294 4123 esee
1308 4081 1377 4140 per·

282 4153 391 4213 fectum
405 4172 493 4213 nume
533 4149 591 4231 que
605 4153 737 4211 omnihus
749 4152 932 4222 ahsolutum
953 4152 1068 4226 deinde,
1082 4156 1223 4234 privatum
1237 4155 1295 4215 hoc
1310 4166 1376 4213 esse

281 4264 380 4304 meum
394 4246 432 4304 de
445 4246 549 4305 vestris
562 4245 673 4304 civibus
681 4242 834 4318 judicium,
848 4245 927 4321 quod
945 4247 1051 4305 nemini
1065 4266 1118 4325 pro
1131 4248 1199 4325 lege
1212 4247 1375 4325 irrogatura

150 4336 158 4353 ⁶
282 4336 385 4403 velim3
414 4348 444 4395 et
457 4356 545 4415 aquo
558 4335 705 4414 praevideo
718 4334 782 4391 sore
796 4346 829 4392 ut
842 4336 919 4395 hene
934 4338 1015 4397 multi
1029 4340 1059 4397 in
1074 4339 1190 4399 diversa
1202 4338 1376 4408 discedant;

279 4440 352 4497 tum,
367 4430 446 4507 paris
462 4432 549 4506 hujus
562 4428 688 4487 virorum
703 4426 923 4489 clarissimorum
943 4450 1057 4490 cauum
1071 4432 1113 4491 'ad
1127 4432 1266 4511 populum
1279 4429 1373 4498 illum,

277 4538 365 4597 quem
377 4521 546 4581 litterissuis
556 4518 766 4593 illuminarunt,
778 4519 941 4583 universum
954 4522 994 4581 nil
1000 4523 1164 4603 pertinere,
1179 4525 1263 4600 eujus
1276 4520 1375 4599 digni·
