3150 5125
393 366 454 461 nn
476 392 1066 475 annamosrnssars‘rusm.
1101 380 1107 399 '
1209 417 1281 477 ns

195 552 280 617 Quod
295 553 319 611 si
333 556 396 633 ejus
410 561 629 638 occupationes,
651 576 683 623 ut
697 584 811 626 summo
825 572 891 643 jure
905 578 1051 648 poterant,
1065 570 1108 629 ita
1121 570 1179 630 hoc
1199 574 1285 633 nobis

192 646 389 719 adjumentum
409 649 750 737 denegassent‚.nisiquc
774 659 856 739 quasi
875 660 993 738 quidam
1007 660 1154 721 Hercules
1169 663 1285 723 Atlanti

193 736 310 799 defesso
322 741 352 799 in
365 754 478 821 partem
493 746 598 805 laboris
612 752 811 823 successisset,
825 752 968 831 profecto,
982 765 1017 812 ut
1036 753 1162 833 ingenue
1179 754 1284 827 fatear,

192 842 302 896 tantam
315 834 429 913 negotii
441 838 547 898 molem
562 841 693 919 perferre
706 862 764 902 non
777 845 944 923 pomissem.
985 846 1060 906 Cum
1074 846 1162 925 igitur
1172 846 1287 927 Diony-

190 922 233 981 sio
255 924 399 987 Lambino
415 928 503 1007 hujus
522 930 654 1009 editionis
674 936 934 1016 absolutamque
948 937 1041 1016 gretia
1055 938 1207 1009 debetlurs
1221 948 1283 999 ti¹¹¹¹

193 1014 343 1077 Gulielmo
359 1018 486 1081 Marelio
499 1034 614 1084 mortuo
627 1026 707 1086 nulla
726 1028 797 1089 satis
809 1029 907 1109 ampla
918 1030 981 1089 laus
994 1029 1083 1089 tnhui
1101 1042 1209 1110 potest,
1230 1032 1283 1111 qui

191 1108 313 1187 primum
336 1111 394 1172 hoc
418 1133 490 1193 opus
511 1135 592 1177 orsus
611 1108 673 1177 esti
697 1119 806 1182 deinde
828 1122 966 1181 hhrorum
981 1134 1115 1183 veterum
1135 1123 1282 1202 regiorum

60 1262 66 1269 ⁸
191 1220 247 1279 ope
268 1202 370 1275 fretrus,
383 1205 510 1286 ‘Ulpiani
530 1212 751 1272 commentarios
771 1214 838 1292 plns
849 1226 958 1291 -quarta
975 1225 1059 1293 parte
1080 1225 1181 1274 auctos
1198 1215 1283 1275 nohis

188 1296 322 1374 reliquit:
345 1314 412 1358 oum
434 1314 543 1380 prester
557 1304 736 1381 diligentiam
756 1317 787 1366 et
806 1306 974 1366 industriam
991 1306 1062 1365 mhil
1074 1306 1113 1367 de
1132 1327 1185 1368 suo
1197 1298 1282 1368 addi-¹

189 1388 277 1449 derit,
296 1410 363 1451 nam
389 1394 524 1473 quioquid
546 1396 676 1455 additum
696 1408 750 1469 est,
776 1398 907 1458 additum
926 1419 963 1459 ex
981 1399 1061 1460 libris
1081 1400 1282 1484 manuscriptis

189 1482 292 1560 quibus
307 1484 336 1542 in
349 1489 590 1563 recognoscendo
604 1488 806 1551 Demosthene
826 1510 897 1551 usus
917 1504 982 1554 est:
1003 1514 1040 1553 ex
1054 1494 1160 1573 qm'hus
1180 1508 1282 1555 omnes

189 1575 341 1655 scriptume
353 1580 507 1640 varietates
520 1580 550 1639 in
566 1582 724 1660 marginem
743 1584 829 1643 unius
845 1586 970 1663 exempli
986 1586 1165 1664 Hernagiani
1177 1585 1283 1647 fidelis·

189 1670 262 1730 aime
281 1673 473 1745 transtulerat,
486 1674 633 1755 idemque
647 1687 676 1735 et
690 1676 720 1735 in
733 1677 831 1737 multis
844 1678 908 1736 aliis
921 1677 1010 1750 libris,
1024 1689 1179 1755 antequam
1193 1696 1209 1736 e
1223 1680 1282 1737 vita

189 1763 488 1838 decederet,·fecerat,
502 1768 574 1826 etin
583 1768 712 1846 pluribus
722 1769 855 1830 fecturus
868 1781 941 1842 erat,
949 1770 980 1830 si
991 1767 1050 1829 vita
1060 1768 1280 1849 suppeditasset.

140 1887 146 1893 -
186 1858 286 1922 Quare
308 1860 594 1919 omniumbonorum
611 1850 711 1922 farore
724 1862 830 1942 dignus
851 1873 922 1935 erat,
937 1864 987 1942 qui
1006 1873 1119 1922 tantum
1140 1860 1279 1933 studium,

187 1958 356 2027 tantamque
374 1950 542 2031 industriam
556 1952 592 2013 ad
606 1964 733 2014 vetustos
748 1956 867 2016 codices
880 1955 961 2035 qnasi
975 1974 992 2014 c
1010 1956 1067 2014 situ
1080 1954 1234 2025 eruendos,
1248 1964 1280 2013 et

188 2058 224 2098 ex
239 2060 336 2099 eorum
348 2045 520 2103 auctoritate
535 2045 667 2124 vulgatos
681 2047 877 2107 restituendos
891 2047 1069 2107 conferebat.

205 2156 208 2163 ·
227 2134 315 2199 Quod
330 2136 368 2194 ad
382 2136 590 2197 Demosthenis
604 2138 706 2198 laudes
726 2140 840 2211 attinet,
855 2140 993 2199 ridiculus
1007 2157 1078 2198 sane
1091 2151 1197 2208 essem,
1210 2136 1234 2196 si
1247 2136 1278 2195 in

187 2234 269 2284 taum
283 2238 398 2286 oratore
411 2228 558 2288 laudando
571 2230 686 2289 inanem
701 2249 821 2309 operam
832 2230 884 2288 hic
898 2228 1014 2288 sumere
1026 2229 1141 2288 vehem.
1183 2227 1281 2289 Satius

187 2317 263 2375 enim
278 2328 322 2377 est
341 2319 379 2378 de
396 2338 432 2378 eo
451 2331 562 2393 tacere,
577 2340 662 2399 quam
683 2338 777 2398 pauca
787 2318 899 2390 dicere,
912 2320 1044 2397 ejusdem
1056 2330 1155 2380 tamen
1168 2320 1279 2400 aliquot

188 2410 283 2489 elogia
304 2430 341 2471 ex
355 2410 502 2471 veteribus
516 2422 621 2482 sumta,
635 2414 666 2470 in
687 2411 791 2490 qurlsus
806 2412 975 2491 colligendis
989 2412 1206 2493 notistoperam
1225 2430 1278 2485 na·‘

186 2504 263 2562 navit
274 2504 315 2562 D.
329 2502 501 2574 Lambinus,
515 2502 699 2583 subjecimus.
1272 2508 1277 2530 ’·

166 2609 170 2614 ·
225 2595 309 2666 Vale,
323 2595 417 2655 lector
435 2596 586 2668 benevole,
607 2609 637 2656 et
659 2597 683 2656 si
698 2598 766 2678 quid
779 2599 856 2658 bene
869 2597 906 2657 tle
920 2598 985 2658 tuis
1005 2597 1107 2658 studiis
1120 2605 1275 2670 meremur,

186 2687 311 2749 vicissim
326 2687 402 2747 fave.
840 2715 844 2722 ·

92 2837 116 2862 .,
225 2781 295 2840 Ηοο
309 2793 416 2853 autern,
432 2781 525 2842 lector
538 2781 659 2853 erudite,
676 2783 876 2842 admonendus
890 2801 931 2852 es,
951 2802 1017 2840 enm
1036 2781 1179 2841 Morelius
1193 2793 1274 2857 octo,

175 2853 295 2945 ut'dixi,
312 2873 466 2933 'codicibus
486 2875 516 2933 in
537 2875 782 2953 recognoscendo
796 2875 1001 2934 Demosthene
1022 2894 1090 2934 usus
1111 2873 1158 2945 sit,
1177 2893 1229 2932 eos
1241 2873 1276 2930 lia

182 2968 252 3026 teris
262 2967 365 3045 graecis
380 2966 409 3024 in
420 2967 551 3044 margine
564 2967 650 3044 hujus
665 2966 801 3026 editionis
810 2966 974 3044 significari,
989 2966 1071 3026 verbi
1081 2965 1185 3044 gratia,
1198 2984 1275 3026 unta

180 3061 359 3139 significatur
370 3059 456 3120 litera
469 3085 496 3118 α.
512 3059 687 3119 alius·litera
699 3058 732 3134 β.
752 3059 823 3118 alius
840 3059 923 3118 litera
936 3083 966 3134 γ.
988 3059 1074 3119 etsie
1087 3058 1125 3119 de
1142 3058 1273 3139 reliquis:

184 3153 327 3212 Coeterum
342 3161 420 3211 notae
436 3150 608 3231 marginales
621 3151 800 3231 respondent
811 3151 895 3221 notis,
916 3171 981 3229 quse
994 3161 1060 3210 sunt
1079 3152 1108 3210 in
1122 3162 1272 3212 contextu.

182 3247 289 3318 Voces,
315 3267 380 3326 qum
401 3246 588 3306 includuntur
606 3230 772 3324 hujusmodi
794 3244 942 3314 obelisco⁸,
964 3255 995 3303 et
1015 3243 1178 3321 hujusmodi
1201 3255 1273 3305 nota

173 3337 382 3418 -apoatrophi·’‚
398 3339 605 3398 desiderantur
622 3338 652 3396 in
672 3338 751 3396 libris
769 3355 823 3395 sua
842 3336 925 3394 litera
943 3335 1120 3412 significatis.
1160 3337 1272 3412 Hujw

181 3432 260 3491 modi
275 3443 371 3491 autem
391 3431 575 3491 asteriscus*
595 3431 714 3501 indicat,
729 3449 831 3490 vocem
844 3427 891 3488 vel
911 3447 1000 3487 voces
1021 3427 1135 3487 additas
1156 3448 1220 3489 esse
1238 3430 1271 3488 in

180 3525 320 3602 margine,
342 3543 408 3601 ques
422 3523 527 3583 absunt
547 3527 584 3585 ab
599 3525 660 3585 aliis
681 3522 831 3584 codicibus
850 3541 907 3580 non
928 3520 1106 3600 significatis.
1148 3521 1270 3581 Numesl

180 3618 228 3696 qui
244 3629 312 3676 sunt
325 3617 364 3676 ad
375 3616 537 3695 ‚marginem
558 3617 837 3689 commentariorum,
855 3614 1030 3695 respondent
1048 3615 1174 3673 numeris
1194 3616 1270 3674 indi-⁵

181 3711 272 3782 cibus,
294 3711 422 3790 quisunt
437 3711 474 3768 ad
497 3711 654 3789 marginem
673 3721 838 3771 contextus.
880 3708 993 3769 Multas
1014 3707 1163 3787 scripturae
1176 3709 1270 3768 varie-

180 3817 265 3880 tates,
281 3817 311 3863 et
325 3803 577 3874 dissimilitudines,
593 3815 698 3882 practer
712 3823 771 3874 eas,
789 3823 857 3882 quse
878 3814 944 3863 sunt
959 3803 989 3861 in
1008 3800 1138 3879 margine
1151 3799 1268 3872 libriin

180 3897 259 3958 calce
273 3897 431 3977 posuimus,
447 3909 558 3955 etcum
574 3896 627 3964 eis,
643 3895 666 3953 si
679 3913 737 3972 qua
758 3905 853 3955 errata
873 3913 1024 3975 operarum
1039 3893 1204 3952 humanitus
1216 3893 1267 3952 ad-

178 3992 264 4052 missa
286 4003 363 4061 sunt,
388 4007 488 4049 eorum
515 3989 733 4050 emendationes
758 3989 970 4067 conjunximus.
1012 3989 1120 4047 lterum
1139 3985 1214 4056 vale,
1236 3995 1268 4044 et

179 4103 231 4145 nos
243 4103 317 4144 allia·
