3150 5125
298 387 399 454 cxlviii
557 332 564 348 ι
645 383 809 449 eutssn
833 377 1053 444 PuAEssrto

295 543 355 605 sint
362 540 421 600 ille
432 538 503 618 ipsse
512 537 663 614 lectiones,
672 543 810 618 quonjam
822 538 853 598 in
862 547 943 600 texto
952 537 1102 614 leguntur,
1111 529 1249 594 verietate
1260 529 1402 597 lectionis

299 652 453 714 suppresso
465 646 497 693 et
510 631 699 694 ὥωίωιιίαιι
739 629 857 690 Titulus
870 628 939 690 huic
951 625 1071 690 editioni
1083 623 1218 705 prefixus
1231 633 1277 688 est
1287 623 1338 684 hic

493 827 526 868 Δι
591 815 644 869 ism
653 814 712 876 slyer
721 813 756 860 tt·
765 813 803 860 sal
814 811 923 874 iilum·

494 892 521 930 Ar
539 878 589 927 'ew
599 882 705 941 repom?
715 875 830 930 iaeohinrc
840 876 869 928 tic
878 879 926 929 τοὺς
937 873 1014 928 αὐτοῦς
1024 872 1106 933 λὸγονς.

494 943 690 1006 {lambiens
699 941 750 989 κατ’
760 939 823 988 einh
833 941 932 993 λιθίνων.

494 1008 540 1067 Dbs
548 1007 691 1071 &perditur
700 1004 762 1056 md
771 1005 915 1068 «λύπαν.

493 1107 659 1156 Demosthenis
668 1107 784 1156 onum
793 1105 848 1154 dnn
859 1110 883 1162 et
891 1103 1020 1166 κιιςίηῑι.

495 1181 590 1235 librali
599 1183 710 1245 sophista
721 1181 797 1230 ineu
808 1179 874 1241 ipsu
885 1180 1001 1228 orstiones
1011 1183 1152 1242 ergonente.

492 1259 549 1306 vir·
560 1257 725 1307 Demoshenis
733 1273 777 1319 per
788 1255 918 1305 libatum.

493 1335 606 1397 Ejusdem
616 1335 666 1385 rite
674 1349 718 1397 per
728 1331 890 1387 Plutsrolrunr.

247 1542 252 1557 ι
301 1476 337 1538 ln
350 1475 434 1537 calce
453 1475 532 1537 tituli
553 1485 598 1536 est
616 1474 733 1554 signum
746 1475 829 1546 Aldi,
847 1474 985 1536 anchore
1006 1473 1169 1553 implicatus
1186 1469 1318 1550 delphin.
1360 1472 1397 1530 is

300 1587 404 1630 everso
416 1569 513 1628 stetim
526 1567 620 1647 prime
633 1565 740 1646 pugion
757 1566 869 1626 orditur
881 1565 1014 1645 prefatio
1029 1565 1097 1626 Aldi
1116 1565 1161 1624 his
1175 1564 1270 1624 serbis
1286 1581 1396 1623 senus

301 1678 377 1720 rsus
391 1678 569 1720 usserius
591 1675 755 1719 nonnus
770 1675 916 1718 neuim
931 1675 1057 1718 cnssro
1074 1675 1246 1716 renusssr
1259 1656 1290 1716 S.
1307 1656 1342 1715 P.
1357 1657 1396 1714 D.

300 1750 381 1810 unde
390 1754 475 1829 juvat
486 1752 552 1812 hoec
561 1769 732 1830 excerpere,
746 1750 902 1829 (integrum
913 1751 989 1810 enim
999 1751 1030 1810 in
1039 1751 1136 1829 o'peris
1145 1749 1235 1809 nostri
1249 1749 1330 1808 culce
1345 1749 1396 1808 ds·

301 1841 408 1917 himus)
422 1842 501 1902 unde
522 1841 671 1914 nonnulle,
684 1861 861 1921 quemquem
884 1843 1019 1914 obscure,
1038 1841 1235 1920 intelligentur
1254 1841 1294 1900 ed
1313 1839 1396 1916 hujus

302 1934 438 1994 editionis
447 1935 600 2008 historiam
607 1934 794 2014 pertinentia.
822 1933 933 2000 Nescio
944 1935 1022 1994 enim
1035 1954 1102 2014 quse
1114 1933 1202 1992 fuerit
1209 1933 1290 1992 istius
1304 1933 1396 1992 oetetis

297 2025 380 2086 mele
389 2026 582 2098 consuetudo,
594 2045 669 2098 rem,
683 2026 789 2104 deque
802 2045 950 2108 exponere
961 2027 1082 2096 vellent,
1094 2023 1283 2086 ndumbrnndi
1294 2025 1396 2102 magis,

264 2171 268 2178 ,
301 2137 390 2200 quern
404 2119 567 2186 euerardi.
607 2119 708 2182 Verba
726 2119 826 2198 itsque
841 2107 1003 2200 Aldi,quee
1017 2119 1093 2180 trsdi
1105 2119 1163 2178 hoc
1176 2119 1242 2177 loco
1257 2115 1395 2194 etsceipi

300 2211 401 2284 refert,
422 2214 501 2293 (nom
521 2212 662 2294 pleraque
682 2212 863 2293 prelationis
882 2212 911 2274 in
925 2212 983 2272 vite
995 2211 1177 2290 fortunisque
1191 2207 1400 2269 Demosthenis

302 2306 483 2385 exponendis
496 2316 733 2377 crimenentur,
745 2303 805 2366 huc
815 2305 855 2365 nil
870 2303 992 2382 faciunt)
1006 2305 1073 2364 hrec
1086 2311 1163 2362 sunt.

344 2397 462 2456 Abhinc
473 2397 544 2465 ,fere
568 2398 695 2457 tmennlo
723 2397 912 2477 desydersnti
938 2395 991 2456 tibi
1015 2396 1161 2456 orstiones
1181 2394 1398 2468 Demosthenis,

301 2487 384 2556 brevi
393 2507 442 2547 me
455 2488 624 2548 informatos
638 2507 705 2549 mee
716 2507 789 2548 cure
801 2489 1014 2569 publicaturum
1028 2486 1146 2567 recepi;
1165 2485 1219 2546 sed
1232 2495 1276 2546 tot
1289 2486 1320 2545 id
1334 2498 1398 2546 ten·

301 2580 376 2644 unu
395 2580 463 2639 mihi
483 2580 651 2641 ecciderunt
670 2581 891 2672 impedimenta,
905 2593 939 2641 ut
951 2600 1083 2660 persepe
1097 2578 1207 2639 excudi
1221 2589 1334 2658 coeptss
1353 2580 1397 2638 in·

301 2670 485 2742 termlserirn,
498 2672 729 2738 Curtemmscho
751 2673 840 2729 etism
859 2683 959 2728 nostro
981 2670 1142 2731 demirente
1162 2706 1202 2719 -
1223 2689 1291 2730 cum
1311 2672 1398 2730 edam

301 2762 458 2835 admodum
471 2780 557 2841 quern
571 2778 668 2839 peuce
685 2777 786 2831 earum
809 2760 971 2819 orationum
993 2761 1131 2839 exemplo
1150 2761 1327 2823 excudendo
1348 2784 1401 2823 cu-

302 2856 437 2927 raverim,
450 2853 538 2933 idque
551 2861 685 2923 coactus,
708 2850 840 2930 quodie
860 2850 941 2911 nullo
963 2862 1031 2918 ante
1055 2852 1164 2913 eccidit
1183 2852 1327 2913 volumine
1346 2875 1398 2915 ex-

302 2966 375 3007 cuso
387 2947 417 3006 in
430 2944 549 3004 thermis
563 2944 676 3003 nostris.
717 2945 851 3009 Quorum
872 2942 1000 3004 omnium
1023 2944 1091 3003 mihi
1111 2944 1194 3005 testis
1213 2957 1258 3005 est
1275 2948 1399 3026 optimus

303 3036 441 3114 Angelus
455 3034 637 3105 enuntietis,
659 3032 799 3112 petricius
813 3032 955 3103 Venetus.
976 3066 1015 3082 -
1035 3034 1144 3097 Nescio
1162 3040 1308 3115 quomodo
1325 3040 1399 3100 liber

301 3126 350 3185 hic
364 3125 504 3197 omnium,
516 3144 590 3203 quos
602 3124 808 3203 imprimendos
818 3126 865 3185 vel
879 3126 967 3187 latine
981 3128 1028 3189 vel
1042 3148 1139 3207 groeoe
1153 3130 1325 3204 curavimus,
1336 3134 1399 3195 exit

300 3218 333 3277 in
351 3217 499 3297 publicum
518 3236 557 3275 ex
573 3216 686 3277 sedibus
699 3218 814 3279 nostris.
835 3254 876 3269 -
897 3220 1008 3281 Rursus
1029 3221 1053 3280 si
1076 3221 1276 3301 pulcherrimis
1296 3225 1397 3283 chem·

304 3310 433 3371 uteribus
453 3320 484 3369 et
496 3327 636 3388 perquem
651 3309 768 3370 decenti
780 3310 876 3373 forms
889 3310 1059 3391 habituque,
1074 3333 1130 3374 nec
1145 3332 1202 3375 non
1216 3315 1400 3394 castigetisd-

303 3423 367 3465 mus
381 3403 444 3465 exit
453 3403 484 3462 in
497 3422 599 3463 munus
618 3403 779 3464 hominum.
800 3439 840 3451 ·-
861 3406 926 3467 Hes
940 3424 1010 3466 vero
1026 3406 1230 3467 Demosthenis
1252 3410 1399 3470 orationes

304 3496 384 3557 Cleri
404 3495 570 3555 doctissime
590 3496 699 3555 nomini
719 3508 771 3555 tuo
796 3508 975 3577 nuncupatus
1008 3518 1047 3559 ex
1070 3498 1270 3561 Neecsdemie
1299 3504 1399 3562 riostre

303 3588 462 3649 emittimus
474 3590 512 3648 ob
527 3589 631 3648 multus
641 3608 753 3651 ceusm.
766 3623 807 3635 -·
821 3590 869 3649 Tu
879 3590 948 3669 quin
961 3590 991 3649 in
1004 3590 1115 3671 inclyto
1128 3592 1183 3653 istu
1196 3594 1269 3652 urbe
1283 3594 1400 3655 nlumne

301 3682 427 3741 virorum
447 3680 586 3755 nobilium
600 3682 760 3761 Epidsuro,
774 3682 823 3743 cui
838 3702 917 3743 nunc
931 3683 1078 3743 Rhscusoe
1097 3694 1142 3743 est
1154 3704 1271 3756 nomen,
1290 3700 1320 3745 et
1332 3686 1398 3747 leti·

302 3796 356 3845 nos
370 3786 402 3834 et
413 3794 527 3853 graecm
546 3774 642 3835 literas
662 3776 816 3855 profiteris,
836 3776 1016 3855 instituisque
1033 3754 1217 3855 juvintutem
1238 3778 1323 3837 istum
1338 3780 1399 3839 elo-

303 3869 432 3949 quentius
452 3867 609 3927 studiosum
630 3880 693 3929 erte
707 3869 833 3929 dicendi.
855 3902 896 3915 -
916 3870 995 3928 Haec
1008 3869 1102 3927 'visum
1119 3868 1175 3927 fuit
1196 3888 1233 3928 ex
1253 3870 1309 3929 iste
1331 3870 1398 3930 Aldi

301 3960 471 4041 prefatione
492 3969 631 4039 excerpts
652 3960 701 4021 hie
723 3980 887 4041 proponere
911 3980 928 4021 e
949 3973 1009 4021 tem
1023 3959 1120 4019 multis
1134 3960 1207 4033 eliis,
1221 3980 1286 4039 quse
1301 3961 1400 4023 Aldus

208 4074 216 4089 =
300 4054 341 4113 ibi
354 4054 483 4131 disputet
496 4071 515 4111 e
526 4051 676 4131 proposito
688 4063 788 4112 nostro
810 4072 926 4133 prorsus
948 4051 1053 4112 eliens.
1066 4052 1171 4129 quibus
1185 4055 1239 4113 noe
1252 4052 1339 4111 hodie
1352 4053 1398 4113 fe.

300 4146 358 4206 cile
371 4164 528 4216 cereemus,
542 4164 579 4205 ee
597 4157 660 4205 tum
672 4147 812 4224 temporis
826 4168 884 4207 non
904 4147 967 4207 sine
981 4144 1081 4205 fructu
1094 4144 1277 4215 dicebsntur‚
1302 4166 1398 4225 neque

301 4249 385 4298 orout
397 4259 456 4298 non
469 4238 646 4299 necessarie.
688 4237 750 4297 Sed
762 4257 802 4296 ex
817 4238 880 4311 illis,
896 4258 963 4318 quae
977 4238 1073 4310 retuli,
1087 4248 1304 4317 cognoscantur
1321 4239 1397 4309 hese,

301 4331 442 4408 Primum,
449 4331 530 4389 illurn
543 4330 697 4391 Danielem
712 4329 850 4406 Clusium,
865 4332 911 4389 cui
925 4341 1107 4410 nuncupatus
1122 4342 1166 4389 est
1182 4330 1399 4397 Demosthenes

302 4422 437 4492 Didium,
448 4423 541 4481 fuisse
551 4422 664 4481 Permoe
681 4430 792 4492 netum
807 4421 867 4480 ludi
880 4422 1006 4495 literani,
1021 4422 1070 4502 qui
1085 4422 1215 4501 Rngusse
1230 4433 1291 4481 tum
1306 4434 1397 4505 esset,

299 4513 476 4592 magistrum.
517 4514 597 4573 Huic
618 4513 715 4574 eidem
729 4512 845 4576 Danieli
868 4515 964 4577 Clario
979 4516 1074 4576 Aldus
1096 4508 1239 4593 inscripsit
1264 4532 1283 4574 e
1306 4534 1339 4576 se
1354 4516 1396 4577 Α.
