3150 5125
262 400 332 457 -ivi
566 394 1047 459 ·-HIERONYM1WOLF11
1144 433 1148 439 ·

293 553 437 613 tantumn
450 566 544 612 meam
563 550 711 613 historiam
723 570 763 613 ne
775 550 945 634 Bysant'nte
957 549 1075 630 quidem
1089 547 1272 609 bibliothecas
1284 540 1386 617 eidu³

263 684 266 697 ·
292 654 408 704 serunt:
429 644 482 705 sed
498 650 560 720 jem
575 646 697 705 tandem
711 646 791 705 velut
810 646 850 704 ab
867 644 955 703 exilio
975 652 1154 713 revocatam,
1173 640 1334 703 honorifice
1349 654 1386 702 et

293 745 424 793 amenter
434 745 634 813 susceperunt.
676 736 797 795 Sextum
805 741 867 812 jam
878 736 1025 795 Isocrates
1038 750 1105 793 cum
1117 733 1193 793 meis
1206 744 1384 797 commenta·

294 826 342 885 riis
356 826 514 904 subprreio
529 838 583 885 est.
624 828 675 886 An
696 838 727 886 tu
742 846 857 897 censes,
871 827 919 896 rei
932 826 1141 905 typographos,
1154 824 1201 883 rel
1211 825 1385 904 bibliopolas

228 986 232 1001 k
292 918 321 975 in
336 928 381 977 tot
394 918 483 976 millia
496 919 629 977 codicum
638 920 766 979 laborem
781 930 814 978 et
822 919 977 999 pecuniam
990 917 1131 989 conferre,
1143 927 1175 975 ut
1184 917 1281 976 oleum
1294 930 1386 997 atque

294 1029 412 1088 operam
426 1010 570 1089 perdant?
591 1011 664 1077 Quis
678 1012 871 1072 studiosorum
886 1022 917 1071 st
929 1010 1145 1088 ingeniosorum
1157 1009 1306 1068 hominum
1319 1021 1386 1069 ten-

294 1111 353 1165 tam
366 1102 561 1180 frequentiam
574 1102 615 1162 ita
626 1104 752 1163 insanire
764 1105 873 1173 credat,
888 1114 921 1161 ut
934 1122 985 1161 eos
999 1092 1089 1163 libros
1102 1114 1162 1161 tam
1173 1103 1259 1161 aride
1272 1104 1385 1182 legant,¹

265 1252 268 1259 ,
293 1214 416 1272 quorum
434 1194 560 1257 lectione
574 1214 633 1253 non
647 1207 697 1254 aut
714 1195 861 1270 meliores,
880 1181 931 1255 aut
949 1195 1105 1265 doctiores,
1119 1204 1170 1253 aut
1182 1195 1341 1272 paratiores
1353 1206 1385 1256 et

226 1282 228 1287 ’
256 1345 268 1365 Δ,
294 1286 332 1345 sd
346 1298 426 1345 recte
440 1287 632 1354 sentiendum,
648 1298 677 1347 et
691 1288 729 1345 ad
743 1290 820 1347 bene
833 1285 996 1356 vivendum,
1011 1286 1094 1346 etad
1112 1298 1215 1345 ornate
1229 1286 1386 1347 dicendum

295 1378 443 1438 evadunt?
465 1378 569 1456 Neque
580 1398 650 1439 vero
663 1399 714 1439 eas
724 1379 794 1437 mihi
805 1379 943 1446 utilitates
956 1390 1093 1457 acceptas
1107 1377 1209 1437 referri
1222 1378 1298 1438 volo.
1325 1380 1386 1439 Ab·

294 1470 332 1529 ait
350 1469 545 1531 Thrasonicus
567 1472 619 1529 iste
642 1471 694 1541 sel,
710 1482 742 1529 ut
766 1490 873 1549 magno
894 1472 989 1530 alieno
1008 1463 1243 1550 labore'partam
1264 1472 1385 1549 giorim
1406 1501 1410 1507 ·

294 1561 439 1633 serbisin
460 1582 507 1623 me
527 1575 748 1623 transmoveam.
790 1564 866 1641 Ipsis
885 1562 1031 1622 autoribus
1054 1584 1091 1622 ea
1112 1564 1175 1623 laus
1188 1563 1385 1642 debetur„qui

297 1653 350 1711 sibi
365 1673 505 1711 summam
520 1654 683 1731 eloquentis
703 1653 904 1731 sapientiem
921 1654 1058 1731 sapientis
1071 1655 1249 1732 eloquentiae
1269 1655 1387 1715 laudem

296 1754 405 1820 pertot
420 1748 480 1817 jam
495 1744 596 1802 secula
609 1745 809 1803 vendicarunt.
824 1746 829 1753 ’
850 1744 928 1803 Illud
938 1757 1036 1803 tamen
1049 1745 1177 1822 ingenue
1191 1746 1305 1823 plurimi
1316 1767 1387 1807 con·

296 1834 422 1903 fitentur,
442 1853 474 1891 se
496 1833 604 1893 Graeca
627 1835 689 1893 sine
710 1836 949 1912 interpretatione
969 1855 1036 1894 mea
1055 1836 1180 1894 lecturos
1203 1836 1294 1895 fuisse
1312 1858 1388 1904 nun·

297 1942 392 2003 quarn.
434 1925 483 1983 Ab
499 1924 531 1983 iis
554 1926 639 2003 igitur
659 1926 690 1985 id
705 1938 880 1985 consecutus
893 1947 967 1998 sum,
987 1926 1066 2005 quod
1084 1927 1270 1987 volui:.rana
1282 1926 1389 1989 bovem

296 2017 528 2087 intumescendo,
544 2036 632 2077 anser
644 2016 753 2076 olorem
767 2018 976 2096 obstrependo,
991 2038 1106 2096 aequare
1118 2038 1265 2098 nunquam
1279 2020 1388 2090 studui,

275 2162 277 2167 ,
297 2128 433 2186 superare
445 2109 535 2168 multo
550 2109 652 2181 minus.
693 2109 909 2187 Nonequidem
922 2111 974 2169 tali
986 2130 1035 2170 me
1049 2110 1155 2188 dignor
1166 2111 1287 2170 honore.
1320 2112 1390 2178 For·

298 2200 549 2263 tasseLeontinos
563 2201 702 2279 quosdam
717 2190 747 2258 et
762 2200 887 2259 Vulcani
906 2202 945 2261 de
958 2201 1048 2280 stirpe
1068 2212 1156 2271 satos,
1171 2213 1201 2261 et
1217 2202 1289 2262 alios
1302 2203 1390 2268 semi·

195 2326 198 2337 ·
298 2294 369 2353 deos
383 2304 469 2371 atque
484 2295 597 2363 heroas,
611 2303 695 2352 natos
710 2293 823 2353 scilicet
845 2294 1009 2353 melioribus
1028 2293 1321 2367 annisqistimanent
1341 2295 1392 2353 tri·

299 2384 410 2463 umphi.
429 2446 432 2453 .
450 2386 515 2443 Etsi
529 2384 663 2462 profecto
674 2405 781 2463 pugnae
795 2385 934 2445 hactenus
944 2388 981 2445 ab
996 2386 1050 2444 iliis
1065 2386 1251 2465 depugnans,
1264 2386 1323 2445 hoc
1336 2397 1390 2457 est,

299 2475 487 2537 oratiunculae
501 2475 634 2554 quaedam
648 2478 685 2535 ab
700 2476 759 2535 istis
774 2477 924 2536 Ciceronis
935 2476 1079 2555 germanis
1092 2496 1193 2549 versae,
1206 2498 1243 2537 ne
1257 2479 1391 2540 oratioue

269 2619 272 2628 .
299 2569 414 2648 quidem
434 2569 502 2627 mihi
516 2569 613 2646 dignae
627 2568 768 2628 videntur.
811 2571 890 2636 Quid
904 2572 982 2631 enim
1001 2571 1030 2628 in
1044 2570 1106 2628 istis
1118 2581 1168 2630 aut
1186 2572 1329 2633 Cicerone
1341 2583 1392 2631 aut

197 2713 199 2720 ,
300 2661 502 2721 Demosthene
511 2663 629 2739 dignum
645 2673 773 2742 apparet,
788 2675 896 2743 praeter
909 2664 985 2724 male
1000 2674 1124 2721 consuta
1136 2663 1269 2741 quedam
1282 2666 1391 2743 emble·

299 2765 434 2824 mata,ac
447 2767 586 2816 centones
605 2755 723 2833 potius?
744 2756 867 2821 Quoties
885 2774 904 2813 a
917 2753 1067 2812 sententiis
1084 2753 1207 2812 oratoria
1227 2764 1291 2812 toto
1305 2755 1390 2827 cralo,

300 2850 378 2928 quod
393 2850 485 2918 aiunt,
504 2849 659 2909 aberrant?
680 2847 739 2912 Qui
752 2845 867 2923 quidem
882 2845 1014 2904 inanibus
1028 2844 1087 2902 istis
1101 2842 1311 2917 jactationibus
1324 2865 1391 2910 curn

299 2943 398 3020 primis
412 2941 550 3008 efficiunt,
564 2951 598 2997 ut
618 2939 673 2998 mei
694 2938 801 2997 laboris
821 2956 868 2995 me
887 2939 947 3012 jam
969 2935 1061 2994 minus
1074 2935 1229 3013 minusque
1241 2938 1392 3015 preniteat.

302 3033 368 3092 Nec
380 3032 457 3092 enim
472 3032 517 3090 isti
528 3051 574 3090 me
584 3031 622 3089 de
633 3028 726 3108 gradu
737 3029 908 3103 dejecerunt
917 3047 930 3086 r.
939 3025 993 3086 sed
1004 3027 1073 3086 dum
1087 3026 1278 3105 altius,quam
1290 3049 1391 3109 eorum

300 3135 406 3185 natura
419 3132 449 3182 et
463 3123 565 3199 genius
578 3122 645 3191 fert,
657 3140 813 3200 assurgere
827 3119 923 3180 conati
936 3131 1013 3188 sunt,
1028 3119 1105 3184 ultro
1124 3121 1262 3198 prostrati
1275 3143 1391 3190 corrue·

301 3228 379 3290 runt,
400 3234 488 3274 onere
506 3225 654 3293 suscepto,
675 3215 752 3292 quod
772 3212 874 3272 infirmi
894 3231 996 3272 eorum
1015 3211 1127 3278 humeri
1147 3211 1290 3274 sustinere
1309 3216 1390 3280 nulio

302 3308 390 3366 modo
404 3316 569 3385 potuerunt.
611 3305 671 3365 Sed
691 3305 715 3364 si
734 3305 800 3385 quis
819 3304 976 3374 Hercules,
989 3314 1041 3362 aut
1055 3302 1140 3362 Atlas
1159 3303 1267 3380 potius,
1281 3304 1392 3372 Demo·

301 3398 435 3458 sthenem
456 3399 580 3456 Romam
600 3397 741 3476 perlatum
762 3398 880 3458 tandem
894 3395 1051 3476 aliquando
1063 3394 1094 3455 in
1113 3394 1214 3455 rostris
1234 3396 1392 3468 collocarit,

302 3499 480 3568 quantopere
496 3510 554 3548 non
569 3490 655 3548 modo
669 3489 839 3559 Quiritibus,
852 3489 947 3548 sedet
961 3485 1093 3548 Feretrio
1107 3485 1152 3546 isti
1166 3486 1235 3546 Jovi
1246 3487 1307 3565 ipse
1320 3489 1394 3555 iuter

302 3583 410 3662 primos
425 3582 668 3662 congratulabor?
691 3581 814 3643 interim
827 3599 884 3659 ego
894 3599 990 3640 meum
1002 3597 1107 3646 saxum
1120 3597 1215 3651 verso,
1226 3580 1306 3658 quod

525 3703 547 3748 Ο
559 3701 644 3750 utinam
656 3702 747 3748 tandem
755 3703 803 3762 J'am
815 3715 903 3746 sommo
914 3700 1003 3746 verrios
1013 3697 1100 3746 montis

526 3777 652 3834 Goaristat
663 3777 797 3839 lassumque
806 3777 867 3826 riost
878 3776 982 3838 requiete
992 3776 1071 3838 potiri.

305 3882 362 3943 Sed
378 3881 547 3940 aemulorum
561 3879 695 3957 iniquitas
709 3879 815 3952 effecit,
835 3889 868 3939 ut
888 3861 920 3938 et
940 3878 1055 3955 longius
1075 3879 1113 3937 ab
1127 3878 1255 3943 instituto
1274 3879 1391 3938 aberra·

305 3995 376 4044 rem,
388 3985 418 4032 et
427 3983 529 4033 contra
540 3971 688 4051 ingenium
703 3981 733 4030 et
747 3970 984 4031 consuetudinem
998 3986 1092 4028 meam
1106 3970 1215 4047 aliquid
1227 3970 1392 4030 iracundius

305 4079 335 4127 et
350 4067 531 4146 arrogantius
546 4066 584 4125 de
598 4084 643 4123 rne
655 4063 716 4142 ipse
731 4063 867 4122 dicerem.
889 4061 940 4120 Ad
950 4073 981 4120 te
991 4061 1080 4138 igitur
1090 4081 1169 4120 nunc
1183 4062 1283 4132 redeo,
1294 4063 1393 4132 frater,

304 4171 335 4219 et
348 4181 365 4218 a
381 4171 410 4218 te
431 4171 509 4237 peto,
525 4168 557 4214 ut
571 4155 699 4214 libellum
713 4154 799 4222 hune,
815 4173 873 4212 non
893 4153 982 4212 modo
995 4152 1217 4212 necessitudinis
1231 4164 1349 4223 nostre,
1365 4164 1396 4212 et

304 4251 418 4326 abipsa
436 4260 536 4307 natura
554 4246 702 4316 institutae,
723 4257 754 4305 et
773 4246 876 4304 iisdem
896 4245 999 4302 studiis
1020 4243 1210 4316 confirmate,
1230 4247 1336 4324 pignus
1358 4263 1393 4304 ec
1437 4303 1445 4317 ‚

304 4351 520 4402 monumentum
539 4358 604 4398 esse
617 4339 699 4406 veiis,
714 4339 765 4397 sed
786 4357 937 4396 censorem
959 4337 1045 4397 etiarn
1067 4357 1148 4416 agas,
1162 4350 1301 4414 tuumque
1317 4337 1395 4412 judi-

305 4433 382 4493 cium
403 4433 580 4512 interponas.
621 4428 803 4488 Existimatio
817 4429 894 4488 enirn
915 4439 965 4488 tua
978 4446 1059 4507 reque
1074 4449 1110 4488 ac
1131 4448 1198 4488 mea
1217 4427 1264 4487 hic
1288 4430 1393 4507 egitur.

305 4524 382 4588 Nam
402 4543 470 4584 oum
487 4525 537 4583 tibi
558 4522 725 4603 conjugium
745 4513 847 4581 iilioias
868 4532 979 4582 tantum
1002 4521 1164 4583 incolumes
1184 4521 1306 4596 donarit,
1327 4523 1394 4586 mihi
