3150 5125
287 396 328 455 aii
549 393 655 453 ALDI
675 392 866 455 MANUTII
887 394 1105 456 PRAEFATIO

293 546 350 609 boc
360 555 416 618 est,
429 555 462 604 ut
475 553 504 605 et
517 564 674 624 graecerum
688 548 834 608 literarum
843 550 931 610 rudes
944 550 1116 629 intelligent.
1137 546 1271 607 Privatus
1278 554 1375 605 sutem

293 649 376 719 putre⁴
386 636 543 697 admodum
553 638 677 717 juvenis,
690 641 783 699 sertor
795 640 932 704 imbecilli
945 642 1034 701 fuisse
1044 658 1177 721 corpore,
1193 647 1224 698 et
1235 636 1377 723 valetudi-

143 785 146 793 .
223 740 225 744 “
293 728 373 789 nario
386 728 625 811 ede0,utneque
639 731 677 791 sd
689 731 854 815 pelaestram
867 733 1040 793 accederet:
1061 730 1304 811 quemadmodum
1316 748 1378 789 om·

293 819 378 883 nibus
392 820 615 893 Atheniensium¹
633 823 734 901 pueris
749 822 837 883 moris
856 818 927 884 erat.
969 826 1153 904 Quapropter
1170 823 1213 898 vir
1225 822 1320 883 facum
1339 823 1378 881 ab

200 923 206 935 ’
292 912 415 973 inimicis
428 912 458 971 in
468 913 621 973 molliciem
631 914 829 986 mordebatur,
839 905 1099 995 appellabaturque
1113 923 1306 994 cognomento
1319 913 1377 972 ua-

294 1004 388 1075 lulus3
413 1014 442 1065 el
461 1005 549 1085 paulo
569 1004 702 1067 inferius:
723 1008 762 1073 είς
781 1006 887 1088 ἄνδρας
903 1010 1064 1090 ἐγγραφεὶς,
1083 1006 1166 1074 cotue
1188 1010 1287 1081 ἀγῶνα
1308 1008 1379 1064 κατὰ

294 1105 349 1157 rire
361 1096 512 1177 ἐπιτρόπων
525 1090 701 1170 iussurum,
713 1110 802 1166 κακῶς
814 1099 980 1179 διῳκηκότων
988 1106 1040 1172 τὴν
1048 1103 1147 1161 siclos
1160 1100 1308 1159 circuitui
1319 1094 1378 1157 εἷλε

294 1186 465 1266 perairorio,
480 1192 513 1247 ob
526 1194 582 1267 μὴν
600 1188 723 1263 ἠδυνίηθη
732 1198 836 1251 ..πάντα
848 1190 1018 1266 ἀπολαβεῖν,
1032 1190 1267 1254 δσαίισολιίλεκε·
1280 1188 1379 1262 idest,

295 1280 500 1359 cumprimum
519 1279 645 1340 adscitus
666 1292 710 1339 est
729 1282 805 1342 inter
818 1282 903 1354 viros,
916 1282 1012 1342 stetim
1025 1283 1174 1353 tutoribus,
1195 1281 1270 1343 mule
1289 1279 1379 1360 ipsius

295 1368 485 1430 facultatibus
499 1368 711 1443 administratis,
727 1370 803 1431 diem
816 1372 896 1443 dixit,
912 1384 942 1433 et
955 1374 1041 1433 evicit
1052 1372 1167 1453 quidem
1180 1390 1241 1445 eos,
1254 1372 1308 1432 sed
1321 1390 1381 1430 non

298 1464 394 1523 omniu
407 1462 588 1541 potuitque
601 1461 744 1535 amiserat,
759 1482 940 1548 recuperare.
973 1465 1014 1523 Et
1024 1465 1056 1523 in
1067 1466 1188 1525 eadem:
1201 1463 1241 1523 ἔτι
1251 1464 1381 1541 ediusus

295 1560 514 1631 μνημονευτέον,
526 1554 568 1614 δτι
579 1556 701 1632 τραυλὸς
709 1556 762 1634 μὲν
772 1552 808 1625 ἦν
817 1560 868 1627 τὴν
882 1561 1013 1631 γλῶτταν
1022 1556 1051 1613 ἐκ
1060 1556 1175 1636 οὕτως·
1184 1556 1217 1615 τὸ
1231 1555 1380 1633 δὲτνεῦμα

299 1646 478 1722 ἀτονώτερος.
492 1646 549 1705 hoc
563 1657 618 1719 est,
632 1646 671 1707 ad
683 1647 748 1707 hoec
762 1658 793 1707 et
812 1648 862 1707 ills
874 1648 1137 1719 commemorande,
1149 1646 1379 1708 Demosthenem

298 1746 337 1797 et·
349 1737 448 1816 lingue
465 1732 632 1798 balbum'et
651 1736 900 1827 imbecillisfirisse
920 1740 1065 1801 lateribus.
1105 1739 1189 1797 Idem
1210 1739 1248 1815 inq
1259 1738 1380 1798 eadem:

269 1842 275 1849 “
297 1832 344 1919 καὶ
359 1833 415 1907 γὰρ
428 1828 517 1915 demde
530 1828 567 1902 ἦν
576 1832 607 1891 τδ
621 1842 727 1909 πρῶτον
740 1833 809 1913 πρὸς
821 1832 884 1899 τούς
898 1839 945 1892 τοῦ
959 1832 1045 1913 δῆμον
1061 1827 1197 1911 θορύβους
1212 1832 1256 1889 καί
1268 1833 1381 1889 curaru-

299 1924 433 1993 πληκτος,
445 1924 513 1981 ὥστε
527 1921 613 1988 εὐθὺς
622 1922 792 1995 ἐξίστασθαι·
808 1923 854 1983 διά
866 1948 895 1985 τε
908 1927 986 1984 τοῦτό
1003 1936 1089 2003 φασιν
1100 1922 1184 1981 αὑτὸν
1197 1923 1301 2001 ἄνεμον
1310 1922 1381 1999 ῥαγ-

297 2010 376 2073 δαῖον
402 2024 535 2089 τηροῦντα
562 2016 606 2073 καί
633 2022 798 2095 κινουμένην
824 2014 950 2096 σφοδρῶς
971 2020 1022 2087 την
1046 2012 1194 2073 θάλατταν
1216 2017 1294 2090 παρὰ
1316 2013 1380 2078 roric

299 2104 450 2178 αἰγιαλοὺς
466 2103 621 2177 βαδίζοντα
642 2111 748 2183 λέγειν,
768 2109 812 2165 sul
831 2112 869 2186 τῷ
887 2120 936 2178 της
950 2105 1096 2179 θαλάττης
1108 2109 1169 2187 ἤχῳ
1189 2102 1382 2173 συνεθίζεσθαι

181 2226 189 2245 '
297 2202 389 2278 φέρειν
408 2202 460 2265 “lt
485 2208 532 2258 roi
556 2200 642 2279 δήμου
661 2197 815 2273 καταβοάς·
827 2198 886 2259 hoc
899 2208 951 2270 est,
966 2199 1087 2259 etenim
1106 2198 1199 2278 primo
1218 2195 1332 2255 timidus
1345 2192 1384 2253 ad

300 2290 472 2359 concionum
492 2290 628 2369 strepitus
641 2290 705 2362 linit,
726 2299 761 2349 ut
780 2292 877 2350 statim
898 2291 1038 2352 deficeret
1057 2302 1088 2351 et
1107 2287 1382 2351 consternebrmdus.

302 2377 456 2459 propterea
475 2400 544 2440 vero
564 2383 645 2441 aiunt
668 2384 759 2461 ipsum
781 2384 982 2443 vehementem
1003 2394 1131 2455 sennim,
1154 2392 1385 2456 commotumque

301 2470 459 2531 admodum
471 2490 551 2532 more
566 2474 746 2533 observando
760 2472 797 2533 sd
811 2474 908 2534 littore
920 2476 1073 2546 accedere,
1087 2488 1119 2537 et
1130 2474 1261 2544 recitare,
1275 2470 1384 2530 sonitu·

301 2565 360 2640 que
372 2563 458 2622 maris
472 2565 571 2645 populi
585 2567 726 2628 clamores
739 2567 817 2627 ferre
831 2569 1024 2628 consuevisse.
1045 2566 1126 2626 idem
1139 2567 1169 2622 in
1182 2565 1301 2622 eadem:
1316 2583 1386 2636 rnu-

301 2655 455 2731 ειλίιφαμεν
475 2655 506 2709 δὲ
519 2660 636 2728 κςίκεῖνο,Ι
649 2665 687 2723 ὣς
701 2664 747 2714 καὶ
758 2666 835 2728 ξίφος
854 2661 968 2715 murdris
986 2664 1036 2725 silc
1055 2658 1156 2730 ὀροφῆς
1173 2656 1325 2727 durumne,
1339 2653 1386 2708 Καὶ

206 2769 211 2782 “
235 2755 237 2758 ’
302 2741 450 2822 ἱστάμενος
461 2741 513 2800 ιἰπό
524 2743 620 2800 τοίιτου
634 2739 744 2814 ἔλεγεν.
758 2741 843 2797 ἐποίει
856 2745 884 2794 δὲ
897 2756 976 2797 τοῦτο
990 2744 1024 2800 δι’
1036 2745 1132 2797 αίτίαν
1149 2741 1287 2807 τοιαύτην·
1301 2742 1334 2796 ἒν
1347 2745 1386 2819 τᾷ

300 2838 398 2909 λέγειν
409 2836 541 2911 ἀπρεπῶς
550 2831 598 2891 τδν
611 2824 689 2906 ὦμον
701 2827 793 2883 εἰώθει
805 2833 899 2882 κινεῖν·
913 2827 1130 2900 δστρακρίμασεν
1140 2825 1190 2885 οὖν
1203 2833 1251 2884 τοῦ
1267 2833 1341 2906 ὅμου
1354 2831 1386 2890 τὸ

301 2931 376 3002 ξίφος
397 2926 427 2980 ἐν
444 2929 516 3001 χρῷ,
533 2923 575 2977 rul
589 2921 658 2978 οὕτω
668 2921 709 2996 ’τῷ
722 2916 776 2974 δέει
788 2929 839 2986 τῆς
857 2915 970 2989 πληγῆς
982 2913 1106 2986 ἠδυνήθη
1120 2926 1272 2997 κατασχεῖν
1288 2919 1386 2980 ἑαυτὸν

303 3017 349 3072 ἐπὶ
361 3017 409 3072 τοῦ
422 3017 579 3091 πρέποντος
598 3016 745 3091 σχήματος
756 3029 764 3065 r
785 3007 844 3066 hoc
857 3017 911 3077 est,
926 3005 1090 3086 accepimus
1103 3017 1171 3067 vero
1184 3019 1215 3068 et
1227 3009 1308 3081 illud,
1322 3031 1385 3071 sus·

302 3121 423 3183 pensum
443 3104 480 3162 ab
502 3121 537 3162 eo
555 3101 646 3160 fuisse
659 3119 758 3159 ensem
772 3100 810 3159 de
822 3111 913 3169 recto,
932 3109 1022 3178 utque
1034 3101 1088 3159 sub
1101 3100 1163 3181 ipso
1176 3102 1300 3175 stetisse,
1317 3123 1385 3164 cum

265 3253 267 3257 .
302 3196 449 3255 recitaret.
490 3193 578 3260 Quod
598 3195 674 3252 hanc
692 3193 730 3252 ob
744 3211 858 3252 censam
871 3191 977 3251 fecisse
992 3192 1113 3253 dicitur:
1134 3194 1215 3254 Inter
1228 3195 1384 3256 dicendum

222 3289 223 3292 ’
302 3307 420 3348 movere
432 3287 603 3347 indecenter
616 3286 766 3345 humerum
786 3281 946 3345 sssolebet'r
966 3285 1117 3365 suspendit
1135 3286 1222 3364 igitur
1234 3307 1332 3348 ensem
1346 3288 1384 3347 ad

304 3390 403 3439 cutem
423 3380 543 3438 humero
566 3378 781 3438 imminentem:
807 3388 894 3458 atque
913 3380 953 3436 ita
970 3389 1050 3438 metu
1069 3378 1162 3467 plage
1180 3381 1338 3440 indecenti
1351 3397 1385 3439 se

304 3470 397 3528 forme
415 3469 565 3529 continuit.
606 3471 754 3530 Preteres
772 3485 837 3528 cum
860 3467 986 3528 maxime
1006 3469 1035 3527 in
1055 3471 1149 3548 patria
1168 3471 1293 3542 floreret,
1308 3488 1387 3530 nunc

279 3577 283 3584 “
304 3561 412 3620 insidia
432 3561 546 3632 civium,
564 3579 641 3621 nunc
657 3561 779 3648 Philippi
795 3560 1014 3639 Alexandrique
1033 3559 1229 3622 Macedonum
1248 3563 1388 3623 memino-

305 3671 369 3712 rum
380 3671 480 3732 regum
490 3654 691 3732 persecutione
701 3671 848 3731 nunquam
857 3652 973 3730 quievit,
982 3652 1069 3712 immo
1080 3672 1097 3711 a
1108 3651 1240 3733 Philippo
1249 3656 1277 3713 in
1288 3675 1388 3735 pugne

306 3745 399 3804 rictum
419 3763 612 3823 magnacum
633 3745 788 3824 ignominie
810 3745 893 3824 fugit.
935 3745 1011 3803 Tum
1030 3745 1075 3804 bis
1095 3745 1232 3818 exulavit,
1246 3747 1340 3823 primo
1357 3748 1387 3806 in

309 3835 426 3914 AEgina,
448 3847 479 3896 et
498 3837 651 3907 Troezene,
673 3837 709 3896 L.
730 3838 817 3896 ‘etism
838 3837 952 3897 talentis
973 3838 1010 3896 ab
1030 3837 1214 3916 Areopup‘tis
1235 3838 1387 3898 damnatur

310 3929 479 3988 Alexandro
491 3947 571 4006 rege,
586 3929 715 3988 secundo
728 3940 825 3988 sutem
840 3929 997 4007 Antipatro
1010 3928 1170 4007 imperante
1183 3929 1285 4009 capitis
1298 3949 1317 3989 a
1336 3949 1391 4008 po.

308 4021 377 4098 pulo
392 4019 554 4089 damnetur,
569 4008 828 4091 autore'Demade,
841 4021 871 4078 in
884 4019 1014 4098 Neptuni
1027 4021 1177 4098 templum,
1191 4021 1272 4098 quod
1284 4034 1346 4081 erat
1357 4023 1388 4080 in

261 4129 267 4144 ·
310 4112 453 4171 Csisurea
472 4111 575 4183 insule,
590 4129 647 4169 non
660 4122 720 4170 tarn
732 4113 831 4171 salutis
845 4112 947 4190 gratia,
962 4131 1048 4190 quam
1063 4123 1095 4170 ut
1113 4111 1179 4171 inde
1191 4113 1320 4188 quotidie
1337 4133 1389 4192 pa·

260 4251 265 4258 .
311 4202 395 4261 triam
414 4202 602 4282 prospiceret,
617 4221 633 4262 e
649 4203 866 4262 Troezeniorum
885 4202 956 4260 urbe
976 4203 1116 4282 confugit,
1138 4201 1263 4281 inibique
1283 4189 1398 4263 bausto‘

261 4353 265 4368 ¹
312 4309 433 4368 veneno,
447 4315 513 4356 cum
526 4314 543 4360 s
556 4294 725 4354 satellitibus
740 4295 909 4365 traheretur,
923 4295 1047 4354 excessit
1060 4315 1077 4353 c
1089 4297 1158 4354 vita.
1193 4283 1389 4361 Quemadmo-

314 4382 384 4441 dum
393 4382 422 4440 in
435 4391 495 4458 ejus
507 4387 566 4446 vita
576 4385 748 4444 Plutarchus
758 4384 896 4444 meminit.
926 4385 1033 4465 Operm
1046 4385 1172 4466 precium
1187 4399 1282 4446 autem
1296 4388 1388 4449 visum

315 4483 370 4545 est,
384 4475 515 4551 quedam
528 4497 564 4537 ex
578 4483 638 4553 ejus
649 4476 770 4557 epistole
780 4475 819 4537 ed
829 4474 1011 4552 magistratus
1023 4477 1219 4558 populumque
1230 4478 1389 4539 Athenien·
