3150 5125
400 414 459 475 AD
481 413 604 477 SUUM
626 414 856 478 DEMOSTH.
876 414 1097 477 PRAEFATT.
1235 414 1298 477 lxii

203 564 447 649 quemadmodum
460 568 513 648 ipsi
527 586 577 629 eoa
590 568 669 629 cirea
688 588 766 641 auos,
780 571 832 649 qui
845 557 1070 649 Rempublicam
1083 568 1176 629 semel
1187 588 1294 647 geren·

203 660 270 720 darn
283 661 474 740 susceperint,
488 661 518 719 ln
532 662 622 721 mum
636 680 669 721 se
682 662 817 722 conferre
829 661 880 722 ubi
892 662 1045 731 volueriut,
1059 678 1119 720 non
1131 660 1292 739 padantm:

203 751 247 812 sic
255 764 287 813 et
296 752 374 832 ips'u,
385 754 434 833 qui
447 753 536 813 totius
551 754 675 813 Graeciae
687 763 824 833 patronos
836 774 869 814 se
882 752 1004 834 professi
1013 752 1131 824 fuerint,
1143 753 1181 811 ab
1191 752 1295 811 Mam

202 843 436 917 mumurati,
456 844 642 905 defendenda
659 857 747 924 atque
760 845 893 907 ornanda
911 845 1062 915 recedere,
1081 862 1222 923 auumque
1241 862 1295 901 ne·

204 934 315 1013 muum
328 954 428 1015 agere,
439 954 504 997 esse
517 935 608 997 ndat.
639 937 798 998 consimile
812 936 961 1017 quiddam,
974 938 1040 1010 (etsi
1049 936 1080 995 in
1093 954 1199 1015 magna
1212 935 1295 995 diasi-

202 1027 375 1103 militudine)
387 1027 440 1087 viri
453 1027 634 1099 ornamini,
649 1030 759 1094 domini
775 1042 808 1090 et
825 1030 940 1110 patroni
953 1029 1080 1100 colendi,
1098 1040 1129 1089 at
1148 1029 1204 1108 ipsi
1223 1028 1294 1088 mihi

205 1120 349 1205 accidisse
363 1120 478 1183 ridetur
489 1142 496 1183 :
508 1132 540 1181 ut
552 1123 642 1183 semel
658 1122 771 1183 Grecis
786 1123 969 1195 Oratoribus,
984 1122 1175 1202 Philosophia,
1191 1124 1294 1181 Astro-

204 1212 290 1291 logis,
302 1211 457 1276 Historicir
470 1212 509 1273 ad
523 1212 772 1293 interpretandum
781 1216 934 1294 susceptis,
944 1214 974 1273 in
984 1232 1021 1275 ea
1032 1214 1185 1293 provincia,
1198 1232 1295 1292 aequm

206 1322 258 1383 spe
272 1313 410 1382 questus,
430 1304 490 1383 (qui
512 1315 562 1364 aut
582 1305 677 1365 nullus
696 1316 751 1375 est,
765 1316 817 1365 aut
830 1316 911 1367 certe
932 1325 991 1366 non
1004 1316 1111 1377 tantus,
1124 1316 1158 1365 ut
1176 1306 1223 1365 rel
1242 1324 1295 1365 ex-

161 1464 167 1472 ,
204 1404 303 1467 nome
326 1406 406 1455 uotae
426 1396 569 1475 quispiam
587 1396 717 1457 nonnus
736 1398 841 1457 eadem
860 1398 997 1459 mercede
1011 1397 1075 1457 illos
1088 1396 1294 1459 describendos

207 1486 380 1565 susciperet)
403 1506 499 1565 neque
520 1487 650 1565 gloriolas
673 1488 841 1567 cupiditate,
862 1488 956 1549 instar
980 1488 1127 1549 crocodili
1146 1506 1179 1548 ae
1199 1506 1297 1567 perae·

208 1590 332 1657 quantes
351 1578 497 1657 fugientis,
508 1579 664 1657 ·sugientes
685 1581 894 1659 persequentis,
913 1581 968 1641 sed
986 1580 1070 1641 fatali
1087 1580 1213 1658 quadam
1235 1580 1296 1639 sive

207 1670 390 1739 necessitate,
406 1670 466 1729 sive
480 1670 651 1743 calamitate,
666 1690 742 1750 pene
762 1673 980 1734 consenuerim:
999 1683 1030 1731 et
1042 1672 1092 1731 vix
1106 1670 1164 1731 boo
1178 1671 1296 1731 demum

207 1780 284 1821 anno
297 1763 333 1823 ab
347 1761 518 1824 Atheniensi
533 1762 700 1841 Republica
712 1770 791 1843 (qum
809 1765 973 1844 peculiares
990 1764 1058 1823 olim
1072 1782 1171 1824 servos
1182 1758 1295 1833 babuit,

207 1870 280 1932 quoa
302 1853 453 1932 δημοσίους
473 1854 630 1928 vocabant)
648 1855 729 1915 velut
748 1856 777 1915 in
801 1857 966 1917 libertatem
986 1866 1113 1917 essemus
1135 1854 1296 1915 existimari

204 1963 319 2023 queem.
360 1944 400 2004 Et
412 1944 527 2024 quidem
546 1946 627 2025 gravi
648 1947 808 2007 certamine
823 1947 989 2017 defunctus,
1002 1948 1112 2007 bellum
1126 1946 1242 2007 difficile
1259 1966 1296 2007 ac

206 2035 370 2095 diuturnum
391 2038 553 2098 confecisse
572 2037 642 2097 mibi
654 2038 768 2116 videor,
787 2039 839 2118 qui
855 2040 1095 2109 Demosthenem,
1116 2038 1295 2110 AEschinem,

207 2127 366 2207 Ulpianum
381 2128 551 2201 Rhetorem,
563 2141 745 2209 ceterosque
765 2130 811 2189 his
827 2132 982 2207 adjunctos
1000 2142 1127 2202 autores,
1139 2131 1180 2191 ita
1197 2150 1296 2190 emen·

207 2218 302 2290 datos,
317 2219 488 2292 declaratos,
502 2221 659 2283 illustratos
677 2232 709 2281 et
728 2232 884 2280 exornatos
896 2225 1047 2299 (quantum
1066 2220 1096 2279 in
1114 2240 1162 2277 ms
1179 2221 1298 2299 quidam

205 2310 273 2385 suit)
286 2310 479 2382 exhibuerim,
492 2322 526 2371 ut
545 2312 756 2371 obtrectatores
776 2322 864 2389 atque
884 2310 996 2371 invidos
1015 2330 1095 2371 meos
1111 2311 1220 2371 hortari
1237 2332 1297 2371 non

208 2400 349 2473 dubitem,
364 2412 407 2473 ut,
422 2402 445 2463 sl
458 2403 523 2461 brec
537 2420 603 2459 mea
615 2420 674 2460 non
683 2402 816 2480 probant,
831 2402 886 2481 ipsi
905 2402 1058 2480 proferant
1070 2402 1198 2463 meliora.
1239 2402 1298 2469 Qui

208 2492 264 2552 etsi
276 2512 336 2551 non
348 2491 444 2571 pauci,
458 2510 555 2572 neque
568 2510 671 2571 parum
682 2492 795 2553 molesti
804 2493 873 2553 mihi
885 2494 1003 2553 fueram
1012 2514 1020 2554 ε
1034 2505 1142 2569 maren,
1155 2495 1179 2554 si
1187 2514 1252 2553 cum
1262 2495 1298 2555 iia

209 2594 426 2664 comparentur,
439 2585 487 2663 qui
507 2585 584 2644 bene
598 2585 636 2644 de
645 2605 692 2645 me
703 2587 841 2657 sentiunt,
854 2607 959 2666 meque
972 2599 1002 2648 et
1012 2607 1078 2650 mea
1091 2589 1297 2668 magnifaciunt

208 2685 240 2734 et
264 2685 370 2745 amant,
390 2675 486 2746 facile,
510 2686 544 2734 ut
564 2677 676 2754 opinor,
698 2679 859 2757 apparebit,
879 2692 911 2738 et
933 2685 1071 2754 majorem
1095 2693 1126 2739 et
1148 2681 1298 2740 meliorem

97 2753 105 2770 ’
207 2777 320 2846 partem
334 2775 445 2826 storea
463 2767 563 2826 nobis:
589 2787 681 2846 eaque
699 2769 772 2828 inter
792 2769 846 2829 bos
865 2781 897 2830 et
916 2770 981 2830 illos
1001 2772 1122 2830 exsistet
1141 2771 1298 2849 proportio,

208 2877 295 2938 quam
309 2859 387 2936 apud
400 2858 563 2918 Homerum
579 2861 784 2938 Agamemnon
799 2861 991 2939 Trojanorum
1005 2873 1036 2923 et
1049 2863 1220 2923 Graecorum
1234 2859 1313 2924 esse'

207 2949 345 3010 affirmat:
367 2959 409 3021 ut,
429 2951 453 3009 ai
468 2950 567 3010 Gneci
579 2951 609 3009 in
624 2952 758 3012 decurias
769 2952 967 3014 conviviorum
980 2953 1191 3026 describantur,
1204 2965 1236 3015 et
1245 2956 1301 3015 sin·

206 3044 282 3123 gulis
301 3043 426 3103 decuriis
447 3044 552 3123 singuli
575 3044 693 3123 Trojanl
714 3046 836 3105 ministri
856 3048 1045 3126 assignentur,
1064 3047 1229 3125 complures
1246 3048 1299 3108 da-

206 3137 295 3196 curioe
314 3147 435 3216 propter
453 3136 568 3196 illorum
589 3137 776 3216 paucitatem,
798 3138 901 3199 horum
923 3139 1144 3210 multitudinem,
1157 3140 1215 3199 sint
1233 3141 1297 3218 pin·

210 3247 299 3288 cerna
311 3227 451 3288 carituros.
492 3227 601 3307 Neque
614 3229 665 3288 ulli
679 3249 789 3301 eorum,
804 3232 853 3309 qui
865 3251 913 3290 me
925 3231 1144 3310 reprehendunt
1155 3241 1187 3291 et
1196 3233 1297 3309 exegi·

209 3329 282 3390 tant,
302 3333 362 3377 non
374 3319 462 3378 modo
482 3318 553 3378 nihil
572 3321 735 3399 elegantius
748 3333 780 3382 et
793 3321 982 3402 splendidius,
997 3323 1051 3384 sed
1065 3323 1107 3402 (ln
1120 3323 1224 3384 eodem
1236 3325 1299 3402 qui-

120 3431 125 3438 ·
211 3411 279 3470 dem
293 3410 436 3470 scribendi
451 3415 571 3489 genere)
583 3412 654 3471 nibil
669 3433 786 3492 prorsus
794 3413 869 3474 intra
879 3415 1006 3494 quinque
1020 3425 1096 3473 totas
1109 3414 1297 3494 olympiadas,

209 3501 417 3581 longissimum,
438 3503 468 3560 in
481 3504 545 3562 vite
567 3503 701 3564 humanm
718 3506 869 3576 brevitate,
890 3505 1030 3586 spacium,
1049 3505 1213 3566 ediderunt.
1254 3509 1298 3570 Ut

209 3593 299 3673 igitur
311 3593 352 3652 illi
367 3593 460 3652 verbis
480 3595 670 3673 asperioribus
690 3617 737 3656 sne
759 3607 899 3658 accusant
921 3609 952 3658 et
969 3598 1139 3676 vituperant,
1158 3599 1199 3659 ita
1211 3599 1298 3660 factis

209 3685 268 3746 fide
287 3684 466 3764 dignioribus
486 3697 516 3745 et
535 3686 687 3747 absolvunt
704 3698 735 3746 at
753 3689 883 3759 laudaut,
903 3700 933 3748 et
951 3688 1068 3768 publica
1081 3690 1163 3768 quasi
1183 3692 1300 3769 procla.

209 3790 300 3851 mant,
314 3777 373 3838 suls
387 3777 535 3838 calumniis
549 3799 606 3838 non
619 3779 784 3840 habendam
801 3799 864 3840 esse
877 3781 975 3851 fidem,
994 3799 1090 3860 neque
1104 3782 1299 3843 condemnau-

210 3864 277 3932 dum
290 3882 342 3932 aut
360 3871 608 3932 contemnendum
628 3889 694 3930 esse
708 3890 881 3951 quenquam,
898 3873 953 3932 nisi
970 3890 1059 3933 causa
1077 3875 1248 3953 percognita
1266 3885 1298 3934 et

209 3964 279 4023 satia
298 3963 460 4041 explorata.
499 3963 621 4024 Interim
634 3982 706 4024 vero
728 3983 774 4024 me
795 3983 847 4043 per
865 3983 957 4024 annos
970 3966 1134 4045 complures
1154 3967 1212 4026 boc
1225 3985 1297 4044 opus

209 4055 250 4116 ita
260 4065 362 4116 noctes
376 4055 496 4134 diesque
509 4055 673 4135 occuparit,
689 4065 792 4114 utnon
803 4057 894 4115 multo
906 4055 1068 4116 suaviorem
1077 4058 1165 4117 sitam
1176 4058 1295 4136 egerim,

210 4167 297 4228 quarn
323 4148 353 4219 il,
378 4166 450 4226 quos
474 4147 633 4228 Dionysius
655 4159 792 4228 tyrannus
818 4149 848 4208 in
869 4149 1018 4209 Latomiae
1041 4149 1229 4226 conficiebat:
1256 4149 1297 4210 ita

210 4251 292 4300 certe
304 4239 423 4318 quidem
435 4238 615 4318 defatigarit,
631 4251 672 4310 ut,
684 4241 732 4319 qui
746 4242 826 4312 mihi,
836 4253 904 4321 post
914 4260 1054 4301 annorum
1067 4259 1107 4299 un
1118 4238 1297 4318 servitutem,

210 4332 300 4392 otium
320 4331 476 4402 mediocre,
491 4331 569 4410 quod
586 4343 684 4392 vestra
703 4333 901 4394 munificentia
923 4333 993 4393 mihi
1014 4333 1097 4402 fecit,
1117 4331 1298 4414 honestoque

212 4423 353 4502 stipendio
368 4422 497 4494 decreto,
516 4424 582 4484 bac
601 4424 765 4486 elaborandi
785 4437 960 4504 potestatem
979 4434 1011 4484 et
1024 4423 1190 4488 facultatem
1205 4426 1295 4500 dedit,

212 4515 353 4590 inviderit,
366 4535 466 4578 omnes
485 4535 517 4578 se
538 4516 644 4592 Zoilos,
667 4538 768 4580 omnes
783 4519 912 4593 Momm,
926 4515 1129 4580 maledicentia
1146 4531 1177 4579 et
1198 4522 1297 4582 obtre-
1328 4557 1332 4562 ·
1407 4597 1411 4600 ῃ
