3150 5125
297 368 359 451 ‘xsu
527 389 589 453 10.
610 381 799 450 numum
815 383 1174 456 rnonnuomnus.

300 545 425 605 setecns
447 542 593 602 mistiones
613 540 775 622 [eontinet]
795 554 829 603 ut
846 542 1064 613 Demosthenis,
1089 537 1237 611 Aristidis,
1259 535 1396 614 Himerii,

302 635 469 715 Hyperidis,
484 635 619 695 Libsnii:
639 637 695 720 cui,
707 636 831 711 adjectoe
845 647 918 697 -sunt
933 633 1100 694 Philostrati
1113 633 1181 692 vitae
1196 631 1397 710 Sophistnrum

301 739 333 788 et
347 727 476 787 Plutonis
490 727 626 807 Gorgias.
666 728 791 787 Videtur
812 739 911 788 eutem
929 727 977 786 hic
996 727 1093 787 codex
1111 723 1201 784 fuisse
1222 723 1291 782 olim
1311 723 1396 782 Nice-

297 817 381 896 pion'
402 811 547 898 Gregoroe,
561 827 595 878 ut
616 819 745 879 obtendit
765 825 827 895 ejus
846 819 1069 898 chirographum
1090 817 1132 876 in·
1141 815 1279 876 interiore
1301 815 1402 876 tabule

300 911 452 970 hincinde
466 912 618 990 scriptum.
637 946 642 952 ·
659 913 727 977 Quo
740 913 828 971 etiem
847 912 964 971 nomine
985 927 1145 990 permagno
1166 927 1250 968 eme
1270 907 1398 968 emma·

300 1003 376 1063 tur.”
417 1003 572 1063 Hactenus
591 1003 651 1062 ilie.
692 1002 797 1062 Codex
818 1015 864 1062 est
879 1003 1087 1081 Pergamenus,
1109 1011 1141 1061 et
1162 999 1289 1060 melioris
1308 1009 1399 1074 now,

302 1109 333 1157 et
345 1097 462 1156 eosdem
476 1097 550 1167 fere,
563 1114 636 1174 ques
654 1095 786 1174 superior
799 1095 847 1155 iiie
863 1095 1050 1168 Herieienus,
1069 1092 1272 1173 complectitur
1293 1093 1398 1152 oratio·

302 1204 496 1267 nessnempe
516 1205 589 1265 quus
607 1187 730 1261 publicos
751 1187 839 1265 vulgo
859 1188 1008 1247 nominare
1033 1186 1137 1246 solent.
1186 1185 1232 1243 Ex
1246 1195 1398 1246 senectus

302 1301 367 1340 sum
386 1279 569 1340 solummodo
583 1279 736 1338 Venientes
755 1279 980 1358 Philippicarum
994 1279 1048 1339 1v.
1089 1277 1249 1337 Nemeum
1264 1277 1334 1336 MS.
1348 1276 1397 1337 ille

303 1371 520 1432 beneficio-Viti
541 1371 706 1430 amicissimi
726 1371 764 1430 ed
777 1391 825 1431 me
840 1371 1056 1450 Cantabrigiem
1076 1369 1249 1440 mitteretur,
1264 1379 1297 1427 ut
1310 1377 1397 1428 cete·

303 1485 412 1536 mrum,
423 1485 490 1545 qum
502 1473 685 1543 supererunt,
694 1462 788 1520 vatins
800 1463 863 1541 ipse
877 1467 1014 1537 αὑτολιξεὶ
1026 1481 1225 1541 excerperem,
1238 1461 1269 1519 in
1283 1459 1396 1533 iu'nese,

304 1559 383 1619 mele
393 1555 573 1637 quorundum
586 1555 656 1625 fide,
667 1555 846 1631 interceptus
859 1566 914 1627 est,
929 1566 959 1615 et
971 1575 1009 1615 ex
1022 1574 1058 1614 eo
1071 1565 1202 1632 tempore
1216 1552 1265 1611 din
1279 1551 1398 1612 muns.

303 1670 363 1729 que
376 1669 396 1708 e
408 1669 457 1708 me
468 1647 627 1725 quesitus:
647 1647 708 1704 sive
720 1645 924 1723 imprudentis,
938 1646 1000 1706 sive
1014 1645 1134 1706 consilio
1148 1655 1178 1704 et
1191 1643 1290 1704 dedita
1309 1663 1398 1723 opere

303 1743 342 1800 sit
355 1740 525 1818 discerptus.
567 1737 660 1796 Hunc
674 1755 705 1796 ss
721 1754 798 1800 uum
813 1737 919 1810 adhuc,
933 1757 990 1800 nec
1003 1758 1091 1819 prece
1105 1749 1214 1809 nostro,
1232 1757 1289 1798 nec
1302 1739 1398 1818 pretio

302 1831 448 1902 delinitus,
471 1828 549 1890 domi
570 1830 599 1888 in
619 1830 727 1908 pluteo.
738 1849 979 1908 consensurus,
996 1849 1059 1892 vsu
1073 1831 1275 1912 quovismodo
1289 1845 1399 1890 resu-

305 1941 376 1988 m
391 1941 506 1998 rme,
519 1937 593 1984 m
607 1939 701 1984 rum
717 1939 823 1985 teon
839 1941 930 1986 esre.

738 2295 965 2363 Excutere

556 2449 594 2528 E
618 2450 876 2530 T-AYLORI
904 2453 1146 2532 SCHEDIS

446 2736 849 2807 DEMOSTHENIS
881 2738 947 2805 ΕΤ
978 2734 1259 2801 AESGHINIS
1355 2730 1358 2741 '

556 2909 734 2959 uoulcmus
751 2910 847 2957 ust'lt
862 2908 904 2957 ΒΤ
921 2905 1151 2963 ΕΒΓΙῚΟΝΙΒΗΒ,

341 3048 667 3127 immitissimum,
692 3060 816 3111 ornus
839 3064 980 3127 ossum,
1004 3012 1358 3127 unn'r1ott1uu8,&c.

804 3218 901 3234 “

344 3316 386 3375 In
402 3322 518 3394 megoo'
530 3307 652 3375 numero
669 3318 858 3390 voluminum,
878 3323 915 3381 eh
931 3322 1062 3382 Antonio
1076 3322 1216 3382 Askewio
1230 3320 1269 3381 V.
1279 3324 1315 3383 C.
1328 3322 1399 3383 olim

305 3407 346 3469 ed·
357 3427 405 3467 me
417 3407 552 3466 Londino
561 3406 722 3481 missorum,
734 3411 838 3490 quibus
849 3412 916 3473 olim
929 3414 972 3476 lo.
987 3416 1107 3497 Teylor,
1120 3417 1158 3476 ed
1167 3416 1397 3476 Demosthenem

306 3500 532 3579 Eschinemque
545 3518 629 3559 suum
643 3503 792 3563 edendum
806 3522 874 3566 usus
885 3506 950 3579 suit,
964 3519 1010 3568 est
1021 3509 1158 3567 uolumen
1168 3508 1250 3569 molis
1260 3508 1396 3586 ingentis,

297 3592 334 3650 'in
349 3592 427 3672 quod
439 3591 551 3672 Teylor
570 3612 753 3674 quecunque
765 3596 876 3677 legenti
895 3610 1084 3661 occurrerent
1103 3600 1140 3659 de
1153 3600 1219 3660 ritis
1232 3612 1263 3659 et
1275 3600 1398 3661 fortunis

303 3685 381 3764 peris
400 3685 484 3762 hujus
504 3696 653 3747 oratorum
674 3688 808 3751 contulit.
829 3692 915 3770 'Ipse
935 3690 1113 3770 prescripsit
1131 3691 1257 3753 indicem
1271 3692 1406 3772 cupitum.

304 3777 395 3839 hunc.

343 3962 440 4023 eodo.
464 3963 558 4025 MSS.
582 3962 743 4025 Editioues.
785 3966 905 4047 Antiqui
929 3967 1040 4028 critici.
1081 3966 1234 4029 Neuterici
1256 3966 1396 4029 serietimz
1478 4022 1485 4033 .

305 4052 411 4115 Formo
434 4054 552 4136 Operis.
592 4057 694 4131 Critici
721 4057 835 4117 iterum.
877 4059 1023 4120 Auctores
1052 4060 1090 4120 eb
1122 4060 1250 4139 Ulpiano
1276 4058 1394 4121 laudati.

297 4145 511 4209 Demosthenis
535 4150 687 4210 orationes
706 4149 812 4221 duhiae,
836 4162 1007 4228 argumente
1029 4164 1088 4214 etc.
1129 4154 1249 4215 Proefet.
1289 4154 1397 4235 Στίχοι.

295 4237 450 4302 'Miscelie
491 4244 639 4303 contente
655 4240 819 4299 Voluminis
839 4240 940 4319 quinti.
982 4244 1089 4304 Period
1108 4246 1145 4304 of
1160 4244 1287 4306 LXXX.
1300 4264 1399 4326 years.

304 4326 352 4388 Ex
372 4332 538 4393 Scholiasta
557 4332 627 4394 MS.
641 4329 800 4391 AEschiois.
841 4330 1054 4412 compendium
1073 4336 1151 4410 rite,
1170 4335 1397 4419 [Demosthenis

302 4423 407 4504 pute]
423 4418 567 4488 Miscells.
607 4424 677 4484 viss
690 4424 908 4487 Demosthenis.
950 4429 1097 4490 Auctores
1116 4432 1263 4503 emendeti
1280 4432 1309 4491 in
1324 4430 1398 4491 ltdi-

297 4516 385 4585 tions
410 4516 499 4581 Dsm.
530 4518 773 4600 cmubrigiemi.
816 4520 970 4603 Sophiste.
1011 4524 1078 4585 Vite
1109 4524 1243 4607 Philippi.
1284 4526 1396 4586 Demo-
