3150 5125
423 440 485 499 AD
508 440 630 502 SUUM
651 440 875 504 DEMOSTH.
897 442 1043 505 DEDlC.
1190 446 1277 507 lxxix

185 594 384 661 describendis
397 610 545 669 versatum
563 608 673 680 quanto
693 600 785 679 magis
804 599 1062 659 conformationem
1082 597 1167 675 hujus
1189 600 1277 662 disci·

183 690 278 771 plinae,
294 692 493 772 rationemque
511 694 601 752 totius
624 694 807 773 eloquentiae,
826 713 892 774 quae
912 702 943 751 et
961 691 1092 751 locorum
1107 695 1277 771 opportuni·

182 792 246 843 tate
269 785 390 845 solerter
411 786 574 865 disponere,
598 798 628 847 et
646 786 783 849 orationis
800 785 910 844 lumine
927 783 1077 844 luculente
1097 785 1277 865 distinguere

182 876 286 957 possit,
301 896 368 957 quoe
380 877 422 936 illi
434 878 481 937 vel
495 878 656 957 prudenter
672 878 890 957 investigarunt,
911 877 957 935 vel
976 876 1128 936 artificiose
1148 877 1277 938 tradide-

182 970 270 1028 runtl
290 970 415 1031 Perinde
429 971 470 1029 uti
489 971 519 1029 in
532 972 619 1032 mutia
633 992 751 1056 quoque
771 971 889 1042 artibus,
909 969 1026 1029 tametsi
1039 988 1149 1042 eurum,
1164 971 1213 1050 qui
1227 982 1279 1032 aut

181 1060 214 1119 in
232 1061 430 1123 instrumentis
448 1062 648 1137 conficiendis,
663 1076 714 1124 aut
735 1064 764 1123 irr
786 1064 914 1123 terendis
932 1062 1076 1122 coloribus
1091 1076 1276 1137 exercentur,

182 1155 292 1215 nemini
313 1157 455 1217 subtilitas
475 1160 504 1217 iu
518 1178 571 1218 suo
585 1154 700 1219 artificii
721 1177 830 1238 genere
843 1157 930 1228 desit,
949 1155 1091 1216 dissimulis
1104 1169 1201 1218 tamen
1215 1159 1278 1220 laus

182 1260 215 1309 et
229 1250 420 1310 excellentior
439 1252 527 1330 louge
546 1252 681 1312 habenda
700 1262 747 1312 est
767 1270 805 1310 ea
824 1250 899 1309 ratio
914 1248 1030 1326 ingenii,
1045 1268 1111 1327 quae
1127 1251 1158 1309 in
1177 1251 1279 1312 tabula

179 1341 421 1420 perfectissimam
434 1344 520 1403 istam
534 1344 692 1422 imaginem
707 1342 854 1421 exprimit,
867 1345 947 1417 cujas
961 1339 990 1398 in
1003 1339 1108 1400 obtutu
1126 1352 1213 1422 atque
1227 1344 1278 1404 ad-

182 1434 336 1495 miratione
346 1447 409 1496 tota
423 1446 566 1515 occupata
581 1435 636 1495 erit
649 1434 814 1515 posteritas.

226 1526 284 1585 His
297 1527 321 1586 si
332 1526 483 1599 addidero,
494 1526 679 1587 intercedere
693 1527 838 1607 quandam
858 1528 1188 1607 necessitudinemque
1207 1548 1279 1589 con·

181 1618 316 1696 jungitur
333 1620 414 1678 iatius
433 1620 526 1699 gentis
548 1620 723 1699 eloquentie,
736 1639 796 1678 non
810 1617 907 1679 dicam
929 1640 997 1679 cum
1012 1621 1087 1691 Tua,
1102 1620 1151 1699 qui
1166 1622 1280 1701 propria

183 1709 308 1789 quadam
322 1711 471 1784 felicitate,
486 1732 544 1771 non
565 1712 709 1772 communi
731 1722 902 1771 caeterorum
922 1712 1145 1783 exercitatione,
1165 1714 1280 1777 Dauo·

184 1818 342 1862 srrrssrrrrr
364 1803 511 1883 exscribis,
524 1824 624 1864 verum
640 1822 705 1864 cum
720 1822 757 1864 ea
770 1803 881 1863 ratione
899 1805 1028 1876 dicendi,
1049 1824 1126 1885 quae·
1138 1804 1227 1865 hodie
1248 1808 1278 1866 in

181 1894 257 1968 foro,
278 1896 309 1953 in
335 1893 426 1971 curia,
449 1906 481 1957 et
499 1907 603 1957 senatu
624 1896 797 1967 efflorescit;
817 1896 1034 1977 aplnrimornm
1059 1897 1195 1977 opinione
1217 1918 1278 1958 non

182 1987 344 2048 discedam.
387 1990 490 2049 Habet
504 1990 581 2049 enirn
596 1989 763 2070 eloquentia
776 1989 916 2068 quosdam
929 1989 1011 2069 quasi
1025 1990 1119 2049 flexus
1132 1990 1236 2062 aetatis,
1248 1998 1279 2050 et

181 2081 290 2140 variam
304 2080 435 2170 ‘subinde
453 2083 667 2142 maturitatem:
690 2092 720 2141 et
739 2082 831 2142 omnis
849 2093 950 2141 noster
967 2082 1092 2141 forensis
1106 2082 1190 2142 labor
1203 2082 1279 2158 (siva

181 2172 212 2231 ld
225 2173 365 2234 industria
377 2176 415 2233 sit
426 2174 571 2245 ellectum,
586 2175 647 2234 sive
666 2194 737 2234 casu
756 2174 884 2253 quodam
908 2174 1071 2251 contigerit,
1089 2185 1124 2233 ut
1136 2173 1174 2233 ad
1186 2192 1279 2251 quan·

182 2265 343 2346 damquasi
365 2266 583 2326 similitudinem
601 2266 877 2344 contentionemque
897 2264 1093 2341 deveniretur)
1113 2275 1144 2324 et
1161 2276 1279 2325 senten·

182 2356 287 2415 tiaram
301 2359 447 2429 clausulis,
463 2370 493 2417 et
506 2356 648 2417 sermonis
663 2356 815 2435 gravitate,
836 2367 867 2415 et
879 2376 990 2435 genere
1002 2356 1168 2417 lacessendi
1189 2368 1220 2416 et
1234 2376 1280 2417 re-

183 2448 355 2526 spondendi,
369 2460 432 2510 tota
445 2450 571 2528 denique
585 2448 678 2525 figura
691 2448 837 2520 orationis,
851 2468 938 2528 quam
959 2449 1157 2509 studiosissimi
1172 2451 1279 2530 quique

184 2540 316 2620 magistri
333 2542 365 2601 in
384 2541 482 2602 animo
503 2550 709 2620 conceperunt,
724 2560 831 2621 graeca
843 2542 923 2602 laudi
937 2542 974 2602 ab
993 2542 1072 2602 omni
1086 2553 1179 2623 parte,
1190 2563 1279 2622 quam

184 2633 328 2694 Romanae
352 2645 397 2694 est
420 2635 548 2715 propior.
589 2633 732 2692 Nimirum
753 2653 791 2694 ea
813 2635 989 2713 eloquentia,
1009 2655 1097 2714 quam
1117 2637 1147 2694 in
1162 2637 1279 2696 Danao·

186 2745 327 2799 sunaus,
342 2727 477 2786 torrentis
491 2727 559 2796 ritu,
574 2726 750 2805 praecipitari
763 2745 823 2786 non
834 2728 897 2787 sine
915 2728 1057 2806 religione
1070 2727 1196 2806 quadam
1211 2748 1281 2788 con·

183 2819 366 2899 templamur,
388 2819 495 2878 deinde
517 2829 584 2899 post
603 2819 695 2878 anns
717 2820 845 2899 aliquem
865 2821 1032 2892 decursum,
1051 2821 1082 2878 in
1096 2822 1278 2894 cremona,

182 2913 273 2972 ubere
286 2911 405 2972 flumine
426 2912 589 2984 exundare,
603 2921 634 2971 et
646 2911 741 2970 latiori
755 2913 866 2972 ambitu
880 2913 1000 2972 diffimdi
1014 2923 1045 2972 et
1057 2913 1210 2993 experiari,
1217 2919 1280 2990 jam

181 3003 212 3064 in
222 3005 373 3084 pristinum
387 3005 502 3064 alveum
516 3025 548 3065 se
563 3004 697 3084 recipcre
709 3005 786 3065 velle
799 3005 923 3066 videtur.
966 3007 1035 3066 Nou
1049 3006 1132 3087 quasi
1146 3019 1197 3066 aut
1210 3009 1279 3070 lruic

182 3099 302 3179 impetu,
318 3108 368 3159 aut
381 3099 422 3158 illi
436 3100 569 3160 ubertate
589 3109 775 3178 praestemus3
795 3119 852 3158 nec
870 3099 952 3179 quasi
970 3100 1001 3158 in
1023 3100 1117 3160 altero
1135 3100 1212 3160 desit
1231 3121 1278 3160 or·

183 3203 278 3263 natus,
296 3191 327 3250 in
340 3192 442 3251 altero
455 3190 617 3260 redundet;
639 3191 691 3251 sed
704 3193 782 3271 quod
794 3211 904 3272 genere
924 3193 1022 3252 orandi
1035 3204 1107 3252 aetas
1119 3204 1218 3254 nosue
1230 3215 1278 3256 ve·
1326 3204 1329 3208 “

183 3285 333 3344 locitatem
355 3285 450 3363 potius
469 3285 723 3358 Damosrrrnsrrs,
740 3305 827 3364 quarn
849 3286 1034 3347 Crcasonrs
1056 3288 1170 3367 copiam
1189 3309 1279 3348 aemu-

183 3376 244 3435 lata
262 3376 309 3449 sit,
329 3375 400 3436 licet
420 3375 529 3456 ingenii
551 3379 717 3457 praestantia
738 3389 770 3438 et
788 3379 930 3439 felicitate
950 3380 1068 3458 utrique
1088 3381 1209 3440 multam
1229 3401 1279 3443 ce·

186 3469 298 3528 damus.

226 3561 267 3620 Et
287 3561 423 3639 profecto
443 3561 685 3639 quemadmodum
705 3583 741 3625 ea
763 3573 907 3642 tempora,
928 3581 995 3643 qnae
1015 3563 1278 3628 Demostratum

185 3654 324 3726 tulerunt,
346 3653 501 3731 imaginem
525 3655 711 3735 Eloquentia,
731 3658 815 3716 nobis
837 3657 1026 3736 reliquerunt,
1046 3675 1132 3735 quam
1155 3658 1280 3719 feliciter

184 3746 289 3808 imitari
302 3746 453 3826 possimus,
473 3746 514 3805 ita
526 3747 670 3824 quandam
689 3749 906 3808 similitudinem
919 3749 1005 3827 Reip.
1017 3767 1103 3828 quam
1120 3760 1279 3812 tueremur.

186 3841 308 3902 Graecas
327 3840 414 3899 urbes
435 3839 621 3899 Prrrarrrns
637 3841 675 3900 R.
694 3840 772 3901 bello
794 3841 949 3901 lacessivit.
988 3842 1069 3902 Inter
1086 3861 1136 3902 eas
1154 3845 1279 3904 maxime

183 3935 383 3994 inclaruerunt
398 3934 569 3992 Arranum:
590 3945 703 3993 namet
721 3953 863 3993 armornm
886 3954 941 3994 usu
959 3944 990 3993 et
1013 3954 1110 3994 rerum
1131 3947 1279 4014 gestarum

185 4027 264 4086 fama
278 4043 343 4085 curn
358 4025 513 4104 plurimum
532 4045 620 4104 posse
638 4024 819 4098 videbantur,
840 4029 954 4087 caeteris
973 4027 1061 4086 etiam
1083 4027 1234 4107 providere
1248 4037 1280 4085 et

185 4137 311 4200 praessa
333 4119 475 4179 solebant.
516 4119 561 4177 Ibi
575 4137 641 4178 curn
656 4119 786 4180 Macedo
800 4121 955 4181 nonnullas
976 4121 1108 4180 civitates
1121 4117 1279 4198 largitioni·

183 4214 240 4273 bas
262 4231 456 4291 corrumpere,
480 4211 510 4272 vi
529 4222 560 4272 et
584 4211 732 4274 obsidione
757 4225 915 4275 concutere
943 4215 1041 4293 coepit,
1067 4231 1136 4270 num
1164 4211 1279 4270 Dauo·

187 4322 329 4366 arastus
345 4302 402 4363 Tui
416 4313 468 4364 aut
482 4304 585 4364 deerat
603 4305 632 4364 in
652 4303 864 4386 prospiciendis
883 4305 1020 4386 periculis
1036 4302 1171 4372 Solcrtia,
1186 4311 1236 4361 aut
1249 4302 1280 4362 in
1369 4303 1372 4309 ’

187 4397 376 4458 admonendis
389 4397 586 4477 cogendisque
600 4400 684 4458 sociis
695 4400 848 4471 Sedulitas,
860 4413 911 4460 aut
923 4401 953 4457 in
967 4408 1141 4459 cunctorum
1152 4394 1280 4476 denique

187 4489 288 4548 animis
307 4491 468 4550 excitandis
492 4490 623 4550 Studium
638 4501 667 4550 et
682 4491 881 4570 Eloquentia?
903 4490 987 4548 Alios
1007 4487 1085 4546 enim
1104 4497 1208 4548 nactus
1222 4500 1279 4562 est,

188 4600 262 4662 quos
276 4600 370 4663 neque
382 4583 530 4642 latuemnt
542 4583 660 4662 quidem
675 4583 832 4644 Prrrrrrrr
847 4581 967 4652 insidiae,
981 4599 1078 4660 neque
1095 4583 1221 4664 proprias
1231 4583 1279 4642 fn-
