3150 5125
331 405 405 502 nir
676 384 1099 470 nianonrnrivonrn

331 574 412 623 mers
432 580 500 624 oum
515 560 607 623 Croesi
622 572 672 622 sut
687 548 784 623 cressi
799 562 912 625 divitiis.
955 562 1015 625 Sed
1028 562 1115 635 eninr,
1130 578 1197 640 quse
1209 560 1296 623 nubis
1310 574 1430 643 reperta

332 666 409 726 sunt,
423 673 460 714 ea
472 654 534 714 aliis
547 652 673 713 candide
686 654 885 733 impertiemur
896 675 904 714 τ
925 654 1056 734 rogaturi
1069 654 1209 723 lectores,
1220 663 1254 712 ut
1265 652 1342 725 baec,
1356 672 1430 733 quo·

331 744 487 824 liacunque
507 745 575 815 sint,
598 744 667 806 boni
687 746 850 817 consulant,
870 756 901 803 ot
912 745 958 803 his
971 745 1122 804 nobiscum
1135 752 1264 817 utantur,
1277 754 1308 802 et
1321 744 1345 802 si
1358 745 1431 825 quid

332 836 442 896 rectius
461 835 523 896 istis
541 835 595 917 ipsi
610 836 767 915 aliquando
780 836 952 908 invenerint,
967 836 1052 896 nobis
1065 834 1190 895 vicissim
1206 834 1334 913 benigne
1348 855 1431 896 com·

330 929 489 1003 municent.
530 928 597 989 Tibi
621 949 702 999 voro,
728 928 909 1008 Hieronyme
932 928 1123 999 ornatissime,
1145 928 1205 987 hoc
1223 926 1361 1007 quiequid
1382 940 1431 989 est

331 1020 474 1099 opusculi,
487 1020 655 1079 nominatim
666 1020 780 1090 dedico,
796 1039 863 1080 cum
875 1019 1083 1080 Demosthenis
1096 1018 1218 1079 amatori
1231 1037 1354 1091 summo,
1366 1031 1430 1081 tum

330 1110 433 1171 lectori
446 1111 675 1190 diligentissimo,
699 1123 730 1171 et
752 1112 886 1171 imitatori
904 1112 1083 1171 felicissimo.
1130 1110 1239 1191 Neque
1259 1112 1338 1173 eninr
1358 1112 1431 1173 anti·

223 1216 229 1225 ’
284 1208 290 1217 “
310 1238 317 1257 r
330 1203 442 1283 qnitste
454 1203 570 1281 generis
580 1203 682 1273 solum,
694 1203 748 1263 sed
757 1203 957 1281 pulcherrimis
970 1222 1086 1283 quoquo
1099 1204 1238 1264 virtutum
1250 1205 1429 1265 ornamentis

331 1292 487 1354 decoratus
506 1313 546 1365 es,
559 1305 589 1353 et
603 1294 753 1373 utriusque
775 1295 933 1354 literaturae
954 1295 1153 1375 peritissimas.
1195 1295 1311 1375 Accipe
1329 1297 1430 1377 itaque

330 1384 460 1445 libellum
475 1387 555 1447 hunc
568 1385 653 1445 studii
672 1385 703 1445 in
721 1396 752 1445 te
773 1387 831 1446 mei
853 1398 1073 1447 monumentum
1094 1398 1125 1448 et
1142 1386 1258 1467 pignus,
1276 1389 1355 1467 qnod
1374 1389 1428 1449 nni

330 1478 466 1537 amicitias
483 1488 589 1537 nostrae
608 1478 754 1556 quondam
774 1478 864 1548 initus,
888 1488 919 1537 et
938 1479 1183 1560 condiscipulatus
1205 1480 1297 1539 nostri
1318 1498 1430 1541 memo·

330 1568 403 1627 riam
428 1568 555 1628 refricet.
604 1568 812 1627 Ornatissimos
832 1580 919 1647 atque
943 1570 1151 1631 eruditissimos
1173 1570 1260 1643 viros,
1282 1570 1430 1631 Andrean

332 1660 518 1730 Osiandrnm,
540 1660 727 1719 Dominicnm
755 1660 956 1740 Sleupnernm,
972 1661 1167 1723 Venceslanm
1187 1662 1332 1742 Lyncum,
1346 1663 1429 1723 Tho·

232 1737 241 1755 ⁸
312 1760 313 1771 ¹
329 1770 407 1809 mam
419 1750 617 1821 Venatoriuru,
630 1750 812 1810 loachimum
823 1744 1033 1825 camerarium,
1049 1752 1228 1815 Michaelem
1244 1754 1427 1833 Rotingium,

330 1841 372 1901 D.
385 1842 625 1921 christophorum
641 1840 794 1914 idolerum,
810 1842 962 1904 Erasmunr
978 1844 1137 1917 Ebnerum,
1152 1844 1198 1904 M.
1213 1845 1430 1925 Hieronymum

333 1934 526 2006 Schallerum,
540 1944 683 2014 prmterea
697 1935 737 1993 D.
753 1935 895 1994 Ioannem
909 1936 1172 2016 Mageapuchium,
1187 1937 1310 1997 alterum
1325 1938 1428 2003 AEscn·

330 2026 450 2107 lapiuru‚
462 2039 492 2090 et
506 2029 634 2109 reliquos
648 2028 765 2088 literarii
779 2028 904 2087 sodalitii
914 2047 1063 2108 proceres,
1074 2030 1146 2088 meis
1156 2029 1252 2090 verbis
1266 2030 1428 2091 communi·

329 2132 377 2180 ter
390 2121 493 2181 saluts.
535 2121 581 2180 Tu
595 2138 666 2180 vero
681 2120 858 2199 cumprimis
876 2120 954 2179 bene
972 2122 1047 2182 vale.
1091 2120 1307 2203 Onoltnbacbii‚
1325 2140 1428 2183 mense

330 2212 501 2289 Novembri,
515 2214 601 2273 Anno
620 2232 655 2275 n.
669 2231 702 2275 n.
716 2231 839 2274 xxxin.

681 2416 682 2422 ἵ
760 2428 917 2491 Clarissimo
934 2428 1003 2494 Viro
1055 2484 1059 2491 .

440 2554 792 2635 ninaourmo
820 2497 1317 2650 rrunonnnnano,

481 2707 599 2768 Hieron.
615 2705 649 2766 F.
661 2707 764 2767 cmrsuh'
777 2705 1014 2783 Norimbergesrsr',
1029 2704 1147 2764 Hieron.
1164 2703 1277 2780 Woffius

839 2828 865 2868 s.
887 2827 920 2866 n.

370 2939 500 2999 Foarns
522 2939 615 2998 creari
629 2938 751 2996 fortibus
767 2947 799 2994 et
815 2933 912 3010 bonis,
931 2933 986 2993 etsi
1006 2953 1066 2994 non
1078 2953 1194 3015 semper
1207 2936 1239 2995 id
1250 2933 1314 2996 fleri
1327 2939 1427 3001 rideo·

328 3049 403 3104 mus,
419 3031 545 3090 Horatio
561 3029 676 3088 facilius
696 3027 821 3088 concedi
840 3037 950 3105 potest,
963 3045 1050 3105 quam
1070 3027 1203 3087 humanis
1217 3039 1249 3088 et
1261 3029 1358 3090 doctis
1370 3033 1425 3090 bo·

257 3107 265 3114 ’
329 3139 433 3180 manos
447 3131 477 3180 et
491 3121 603 3180 doctos.
659 3117 842 3197 Plerumque
856 3119 945 3192 enim,
961 3128 1083 3198 paterna
1095 3119 1163 3179 freti
1177 3120 1278 3200 glorio,
1293 3122 1425 3182 ducendi

328 3215 459 3273 laborem
471 3212 597 3292 fugiunt,
613 3221 644 3270 et
655 3211 753 3270 literas
767 3223 798 3270 et
810 3212 940 3270 literatos
960 3222 1188 3282 contemnentes,
1212 3223 1244 3273 et
1260 3212 1367 3272 fastum
1388 3233 1424 3275 ac

328 3305 545 3384 despicientiam
559 3304 678 3363 aliorum
691 3304 771 3364 laudi
785 3304 839 3363 sibi
854 3304 974 3365 ducunt.
1008 3305 1043 3364 ln
1063 3324 1185 3384 quorum
1197 3315 1319 3384 utroque
1333 3321 1423 3386 qnan-

294 3439 297 3448 ·
326 3409 436 3482 topere*
452 3406 547 3457 errent
565 3406 596 3455 et
616 3406 751 3484 peccent,
768 3395 877 3454 nemini
892 3407 937 3456 est
951 3399 1118 3458 obscurum.
1159 3397 1207 3455 Tn
1219 3416 1301 3469 vero,
1313 3395 1423 3457 Consul

327 3489 520 3560 ornatissime,
535 3489 709 3549 contrariam
718 3488 794 3548 viam
808 3489 963 3567 ingressus,
984 3490 1170 3569 adlpaternm
1182 3489 1304 3560 uirtutis,
1325 3489 1423 3550 erudi·

315 3583 423 3654 tionis,
438 3581 624 3642 humanitatis
638 3581 827 3642 imitationem
848 3581 892 3640 sic
915 3591 945 3641 te
967 3581 1163 3661 composuisti,
1185 3591 1219 3640 ut
1241 3589 1325 3660 pater
1343 3582 1423 3642 omni

327 3672 416 3734 laude
437 3675 611 3746 cumulatus,
634 3681 664 3732 et
684 3673 787 3733 illustri
812 3673 904 3752 gloria
924 3693 979 3754 per
997 3656 1154 3734 Christiairi
1175 3673 1298 3733 nominis
1320 3675 1423 3736 orbem

328 3765 452 3826 celebris
465 3767 495 3825 in
509 3777 540 3826 te
554 3767 694 3826 revixisse
707 3766 849 3826 videatur.
889 3767 992 3828 Habet
1004 3767 1113 3846 inclyta
1125 3766 1288 3845 respublica
1303 3765 1422 3826 Nurim-

327 3858 476 3937 bergensis
490 3859 622 3931 alterum,
633 3875 669 3918 eo
683 3859 778 3938 potius
789 3859 916 3919 eundem
927 3860 1141 3938 Hieronymum
1150 3857 1420 3939 Paumgarmerum,

326 3950 418 4010 virum
430 3952 583 4024 eruditum,
598 3952 690 4012 civem
703 3952 806 4031 petrice
817 3962 974 4023 amantem,
987 3962 1150 4012 senatorem
1173 3971 1301 4031 gravem,
1315 3971 1421 4013 oonsu-

326 4042 385 4102 lem
397 4045 580 4121 prudentem,
595 4055 625 4105 et
639 4044 788 4104 disertum.
830 4045 953 4103 Habent
977 4042 1107 4104 homines
1126 4043 1208 4105 docti
1228 4056 1259 4105 et
1276 4045 1422 4125 ingeniosi

326 4134 529 4195 adolescentes
555 4147 708 4216 patronum
731 4147 762 4195 et
792 4135 1013 4196 Meoenatemt
1041 4147 1254 4216 recognoscunt
1277 4138 1356 4198 cives
1379 4137 1422 4197 tui

325 4247 494 4307 praenomen
507 4238 538 4288 et
550 4247 657 4288 nomen
667 4227 763 4287 idem:
784 4226 907 4288 eandem
922 4239 1039 4288 staurrae
1058 4231 1264 4310 proceritatem
1272 4242 1306 4292 et
1318 4231 1420 4292 formo

326 4319 497 4397 dignitatem
517 4340 583 4380 cum
605 4329 688 4398 grata
709 4318 910 4379 recordatione
928 4321 1020 4400 patris
1037 4322 1206 4382 intuentur:
1226 4323 1319 4402 iisque
1332 4318 1420 4383 rebus

326 4409 503 4474 desiderium
517 4413 592 4472 illius
603 4411 715 4470 leniunt
725 4420 756 4470 et
768 4410 962 4473 consolantur.
1003 4413 1070 4474 Fuit
1081 4426 1113 4475 et
1126 4414 1195 4473 mibi
1208 4416 1317 4476 abhinc
1329 4414 1421 4475 trien·

324 4501 416 4575 nium,
430 4525 498 4567 cum
508 4504 707 4583 Norimbergro
721 4504 751 4565 in
763 4503 973 4594 Christophori.
983 4505 1064 4568 Fabii
1084 4507 1148 4571 lolii
1161 4508 1187 4574 1.
1200 4506 1236 4573 C·
1249 4509 1303 4570 viri
1316 4508 1420 4591 optimi
