3150 5125
283 383 399 448 ,sun
559 381 615 443 10.
637 351 1187 466 turnomrnonnuonrsrin
1215 463 1223 474 ῃ

319 526 439 598 volenes
458 536 594 615 exempla
614 555 789 598 coacervare
815 535 964 602 nominum
988 533 1200 606 Romanorum,
1224 553 1292 596 curn
1316 533 1438 614 quibam

195 635 204 646 '
319 628 414 688 tribus
434 647 551 708 quoquo
566 629 747 688 unafuisset
764 637 912 699 annotata,
932 639 1048 708 poteras
1068 647 1108 688 ex
1131 626 1278 688 indicibus
1291 626 1436 698 Gruteri,

320 720 462 793 Reinesii,
486 721 628 794 Febretti‚
651 721 816 792 Muratorii‚
841 720 964 781 eliorum
987 732 1127 782 centenas
1148 720 1270 802 paginas
1291 719 1435 798 implere.

324 809 436 873 Ao‘cui
451 813 547 873 bonoi
566 825 632 873 tum
649 809 780 893 εἲόῆμος
802 816 899 884 cur-ire,
913 833 974 873 non
996 813 1086 872 tribui
1099 813 1243 872 Romame
1255 809 1434 890 respondet,
1551 889 1552 894 η

223 897 228 902 Δ
322 905 394 982 quid
404 905 546 966 attinebat
554 924 667 966 morem
678 907 811 966 Atticum
822 927 890 970 cum
898 907 1032 966 Romano
1043 901 1437 985 componerelhtticinun·
1551 897 1552 928 ¹

322 1017 410 1076 quam
433 999 527 1059 tribus
546 1018 654 1060 nomen
673 1000 823 1061 addebant
841 999 1032 1071 virinomini,
1053 999 1107 1060 sed
1124 995 1306 1058 solummodo
1327 995 1434 1056 eurise.

325 1099 428 1150 contra
441 1092 568 1152 Romani
581 1112 728 1172 nunquam
742 1094 843 1165 corios,
855 1094 909 1156 sed
922 1091 1169 1172 sempeternus]

327 1231 331 1239 .
364 1183 596 1263 6.’Δημοσὲε’νηο
609 1184 821 1264 Δημοσθένους.
843 1185 929 1246 Lect.
942 1185 1015 1264 Lye.
1029 1203 1055 1244 c.
1069 1188 1098 1244 5.
1118 1183 1157 1243 N.
1180 1181 1228 1263 [ld
1246 1192 1291 1242 est
1304 1181 1429 1254 Noster,

299 1341 302 1346 ,
326 1294 381 1336 seu
395 1275 630 1357 Demosthenes]
651 1297 678 1338 c.
694 1278 831 1339 Boeotum
843 1279 1004 1344 Ἱππόνικος
1016 1277 1157 1338 Καλλίου.
1181 1274 1297 1336 Febris.
1317 1275 1431 1335 Biblio-

315 1369 429 1447 ssreph.
445 1369 548 1448 Antiq.
568 1390 599 1448 p.
612 1373 683 1434 597.
714 1372 755 1428 At
773 1372 851 1430 enim
865 1371 950 1430 multi
964 1368 1123 1430 Lesbonici
1139 1378 1218 1428 sunt.
1238 1368 1293 1428 nisi
1313 1387 1425 1430 nomen

241 1485 245 1489 ·
325 1461 417 1538 patris
430 1460 521 1531 dices,
536 1479 594 1520 non
604 1471 765 1521 monstrare
775 1479 894 1540 possum
907 1462 979 1522 istos
993 1461 1135 1531 homines,
1146 1477 1219 1538 quos
1233 1471 1265 1519 tu
1277 1461 1425 1538 quaeritet.

326 1551 424 1612 Plaut.
439 1553 571 1612 Trinum.
591 1552 662 1612 item
675 1553 859 1615 Menaechm.
873 1553 988 1632 prolog.
1003 1551 1080 1618 ,Nos
1099 1553 1284 1618 admarmor
1302 1551 1428 1614 Sandrl·
1551 1571 1552 1634 ᾗ

325 1663 424 1706 cenae.
446 1646 560 1704 Corsin.
576 1645 688 1704 dissert.
704 1647 743 1706 V.
760 1645 800 1704 N.
814 1655 918 1708 contra
931 1647 1067 1706 Boeotum
1081 1646 1119 1706 de
1133 1645 1259 1705 nomine.

368 1740 399 1796 6.
410 1734 554 1796 Noms-de
562 1736 688 1797 Guerre.
698 1737 841 1806 Βάταλος.
852 1738 999 1817 Harpocr.
1009 1737 1161 1804 Plutarch.
1171 1738 1310 1798 Clemens
1320 1743 1351 1798 8.
1361 1739 1427 1798 Pre-
1473 1787 1478 1799 .

328 1827 396 1905 dag.
407 1831 437 1889 8.
459 1827 581 1888 Photius
595 1829 672 1897 Bibl.
687 1851 716 1909 p.
730 1835 800 1892 816.
826 1829 977 1892 Libanins.
992 1831 1183 1892 Phtrrorinus.
1205 1830 1349 1893 Brodaeus
1369 1831 1427 1891 Mi·
1551 1861 1552 1874 .

326 1919 410 1980 scell.
421 1919 445 1980 l.
455 1924 505 1981 20.
517 1921 656 1984 AEechae.
667 1922 814 1984 Timarch.
825 1943 856 2002 p.
867 1927 917 1984 56.
927 1929 977 1986 58.
989 1924 1037 1983 ed.
1049 1941 1132 1984 noroe
1142 1922 1332 2002 [Tsylornnae
1342 1921 1429 2002 puta]

327 2011 424 2083 schol.
435 2011 474 2071 nd
486 2013 545 2073 loc.
553 2013 587 2076 it.
598 2033 626 2073 c.
638 2013 771 2093 ctesiph.
782 2025 814 2074 et
833 2041 864 2076 π.
875 2039 1007 2096 παραπρ.
1018 2015 1108 2076 Dem.
1118 2033 1171 2093 pro
1181 2034 1299 2076 corone.
1322 2014 1429 2076 Suidm
1551 2015 1552 2064 l

325 2104 358 2164 in
371 2105 527 2175 Βάπαλος.
558 2106 686 2187 Etymol.
697 2107 743 2168 M.
770 2107 872 2170 Schol.
888 2109 1154 2187 Hermog.p.,408.
1169 2107 1315 2184 Βάταλον]
1337 2108 1426 2188 thio·
1551 2139 1552 2162 r

327 2203 378 2278 ρόν
390 2201 469 2262 ἐστιν
481 2201 572 2280 ὄνομα
586 2197 720 2274 αὐλητοῦ.
761 2202 879 2281 Ulplnn.
901 2203 941 2264 ad
960 2226 991 2263 π.
1015 2213 1091 2282 orco.
1112 2221 1142 2262 n.
1164 2205 1234 2262 821.
1256 2201 1305 2261 ed.
1328 2200 1427 2262 Puris.
1551 2197 1552 2212 ¹

328 2293 408 2359 Quia
420 2293 531 2353 Noster
546 2293 662 2371 gracilis
676 2305 707 2353 et
718 2293 881 2354 imbecillis.
921 2293 1426 2369 Βαῑωὶιιε,.ῑὶ1)ἰοειιτῶνκατεαγό·
1551 2353 1552 2356 ,

328 2411 394 2446 ror.
435 2387 547 2446 Fabula
562 2386 746 2466 Antiphanis.
760 2387 911 2449 Plutarch.
935 2387 1119 2467 Antiphanes
1141 2390 1263 2458 αὑλητὴς
1282 2405 1426 2445 memora-

288 2508 293 2514 ·
325 2488 375 2535 tur
388 2477 595 2539 abhthenoeo.
637 2477 770 2539 Battalua
783 2491 873 2558 poeta
886 2481 980 2540 mollis
995 2492 1026 2540 et
1034 2490 1196 2560 protervus.
1227 2478 1426 2558 Bdrnhocpro

329 2580 454 2630 cmtrato
474 2581 506 2629 et
527 2570 648 2632 asiatico
670 2572 759 2652 gello,
781 2575 861 2652 spnd
884 2573 1041 2655 Phrynioh.
1093 2572 1243 2640 Βάπαλος
1265 2572 1428 2641 membrum

329 2663 501 2723 ohsooenum
516 2664 665 2727 Plutarch.
698 2667 877 2729 Adversaris
887 2667 1003 2728 Nostra.
1043 2665 1169 2727 Lucisn.
1178 2664 1425 2731 adv.,1ndoctum.

310 2756 524 2819 'Athenienses
539 2759 717 2833 γυναικώδεις
738 2772 768 2820 et
789 2762 915 2821 eviratos
936 2757 1054 2819 Batalos
1079 2760 1116 2819 sb
1140 2760 1278 2821 obsooeno
1298 2758 1427 2836 quodam

328 2849 450 2910 tibicine
462 2860 493 2908 et
505 2849 656 2920 histrione,
666 2852 714 2911 cui
726 2870 834 2913 nomen
848 2853 980 2932 Hatsiun,
990 2851 1040 2931 qui
1053 2850 1161 2931 primus
1171 2850 1307 2913 sandaliis
1321 2862 1352 2921 ¹et
1361 2870 1427 2911 mu·

329 2942 469 3002 liebribus
482 2942 663 3001 vestimentis
671 2943 702 3003 in
713 2962 834 3002 scenam
843 2944 960 3022 prodiit.
989 2943 1081 3009 ,Galli
1095 2943 1224 3003 retinent
1236 2944 1310 3005 illud
1319 2963 1428 3013 nomen

331 3042 362 3091 et
383 3044 488 3091 vocant
510 3033 655 3092 Botelcon.
700 3034 783 3095 Suid.
806 3056 834 3095 r.
855 3034 1076 3106 Βαταλίζεσθαι.
1122 3034 1227 3115 Lysias
1251 3056 1279 3096 c.
1305 3036 1428 3115 Agorat.
1535 3031 1542 3054 ‘

332 3125 406 3183 Vere
427 3124 571 3183 Pertinax.
605 3124 663 3183 See
684 3126 787 3205 Upton
812 3147 849 3187 on
875 3128 1069 3209 Shelsspeore.
1095 3128 1223 3189 Timssus
1248 3128 1428 3209 Epiumaeus.

334 3214 428 3305 Diod.
444 3212 504 3275 Sic.
528 3214 666 3276 Notoead
676 3217 849 3279 Midianem.
877 3219 1044 3300 .Aristoph.
1060 3223 1118 3280 Ar.
1132 3241 1160 3279 v.
1174 3220 1272 3280 Vitem
1285 3220 1429 3301 Lycurgi.

331 3310 371 3368 de
383 3308 479 3367 Laide
491 3329 519 3368 v.
541 3308 629 3367 etiam
648 3310 737 3370 vitem
751 3312 971 3373 Demosthenis.
1011 3312 1091 3373 Vere
1106 3312 1246 3372 Pertinax
1260 3334 1288 3373 v.
1304 3314 1430 3373 Salmas.

332 3403 370 3463 ad
385 3400 679 3481 Issorion-Regillus.
696 3404 789 3464 Erato
803 3406 941 3485 Apollon.
965 3406 1063 3467 Rhod.
1084 3406 1168 3466 initio
1187 3404 1252 3466 libri
1266 3412 1295 3467 8.
1326 3406 1430 3487 {node

333 3494 438 3572 Ξιδηρὼ
459 3496 505 3552 rol
523 3500 646 3576 φέρουσα
666 3498 789 3574 τοῦνομα
812 3497 975 3577 Sophocles
997 3499 1076 3578 apud
1091 3497 1245 3559 Aristotel.
1259 3498 1383 3558 Rhetor.
1397 3501 1429 3557 8.

330 3590 380 3647 28.
392 3585 551 3646 Pentheus.
562 3588 650 3664 Ajax,
660 3588 804 3649 Analecta
815 3588 852 3650 T.
864 3591 890 3649 1.
904 3611 934 3668 p.
943 3595 973 3652 6.
1002 3590 1054 3651 Ser
1068 3592 1113 3649 rte
1127 3610 1216 3649 nomer
1226 3589 1261 3666 of
1269 3592 1314 3649 tle
1327 3588 1431 3649 Lodieo

329 3680 359 3738 t'tr
373 3680 418 3737 tle
433 3678 527 3759 IW
534 3680 692 3741 Arieneos.
734 3682 833 3741 Dem.·
846 3694 950 3745 contro
973 3682 1109 3743 Neaemm
1133 3680 1291 3761 Στροβΰλη,
1314 3686 1375 3743 νυνὶ
1396 3682 1431 3743 dd

330 3772 423 3833 Φανώ.
465 3772 503 3832 So
515 3794 534 3830 a
546 3773 653 3831 certain
674 3783 820 3835 courtesan
840 3796 895 3835 mss
914 3778 1001 3835 called
1017 3775 1166 3853 clepsydra
1178 3776 1233 3855 for
1246 3796 1264 3833 a
1273 3777 1431 3852 particular

328 3856 434 3939 resson,
448 3866 485 3947 (ff
491 3862 575 3925 which
587 3886 631 3925 see
643 3868 802 3927 Atheneo.
843 3868 988 3929 Aristides
1001 3868 1175 3948 cognomine
1189 3869 1209 3928 J
1212 3879 1302 3942 ustus,
1312 3868 1425 3929 Phocio

330 3963 440 4025 Bonus.
461 3960 580 4022 Cornel.
589 3960 667 4039 Nep.
677 3960 741 4021 Nos
754 3962 794 4022 ed
805 3961 926 4042 Lysiam
941 3964 979 4021 de
993 3962 1148 4043 Lysitheo.
1170 3960 1293 4021 Corolns
1306 3962 1342 4022 ad
1357 3960 1432 4021 Gel-

328 4056 410 4116 lium.
439 4055 560 4115 Imbrex
575 4053 698 4132 Tegula.
712 4074 739 4115 r.
751 4055 929 4116 Adversaris
942 4055 1061 4116 Nostra.
1100 4054 1318 4116 Demosthenes
1338 4054 1428 4115 etiam

329 4148 509 4209 Vertumnus
526 4144 730 4227 appellabatur
752 4147 925 4209 aDiodoro.
939 4169 967 4207 v.
988 4148 1120 4208 iudicem
1134 4146 1222 4207 Wolf
1238 4148 1268 4223 in
1281 4166 1309 4205 v.
1321 4148 1428 4207 Diodo-

328 4250 388 4300 rus.
429 4238 554 4299 Proteus
567 4258 586 4298 a
599 4238 751 4320 Dionysio.
770 4240 907 4306 Quare?
927 4261 955 4298 v.
971 4238 1069 4301 Schol.
1084 4240 1123 4300 od
1137 4228 1302 4299 Midionam
1315 4260 1347 4319 p:
1356 4244 1428 4301 860.

186 4402 194 4415 ὓ
329 4330 481 4393 ed.Pnris.
521 4330 770 4399 Nostersrorslhoc
785 4329 957 4393 Scholiastae
971 4332 1181 4411 Hermogenis.
1190 4352 1222 4393 r.
1235 4331 1323 4391 Fahr.
1331 4330 1375 4393 Β.
1386 4330 1428 4391 G.

288 4431 291 4435 ’
328 4422 450 4482 Muluio.
478 4423 643 4503 Kovardr.
659 4432 793 4507 νυκτερίς.
836 4422 1131 4486 NosadMidiansm.

305 4508 314 4517 '
364 4518 395 4579 7.
408 4516 545 4578 Pueritis
557 4528 589 4579 et
601 4518 812 4581 adolescentis.
845 4516 986 4579 Meminit
1004 4518 1340 4599 pueritiesueorstor
1358 4516 1428 4581 loeo
