3150 5125
369 432 430 493 an
453 404 575 495 suum
595 432 821 500 numosun.
842 425 1062 499 sannaus.
1193 434 1264 498 nn

596 710 754 776 Clarissimo
770 712 839 775 Viro

255 826 627 930 ,uruaomumo
656 838 1148 934 saumonurmano,

234 990 360 1052 Patricio
383 1013 415 1053 aa
436 992 566 1053 Seuuton'
587 993 822 1099 Norimherprnsi,
848 992 1007 1054 Vincentius
1028 992 1172 1073 Olropcus

673 1116 699 1160 s.
721 1117 754 1158 n.
841 1146 845 1160 .

187 1251 194 1263 ·
208 1226 319 1287 Vanru
332 1247 425 1307 nuper
438 1229 467 1289 in
479 1245 581 1289 manus
594 1245 676 1291 mens
689 1227 869 1289 manante
881 1227 1034 1288 vetustatis
1046 1227 1196 1307 exemplar
1207 1225 1260 1287 ali·

165 1317 248 1399 quod
268 1320 431 1380 orationum
450 1320 668 1391 Demosthenis,
690 1319 881 1397 Hieronymo,
899 1319 943 1377 rir
962 1318 1130 1379 clarissime.
1171 1318 1260 1391 Quod

166 1428 235 1469 cum
249 1410 398 1489 coepissem
420 1431 487 1471 cunr
501 1412 607 1471 Aldine
627 1410 768 1480 conferre,
781 1409 877 1469 mulus
896 1409 926 1467 in
945 1408 1018 1469 locis
1030 1409 1102 1468 illud
1120 1429 1188 1471 cunr
1199 1410 1260 1469 rul-

165 1512 238 1579 gato
252 1501 422 1583 discrepare
432 1504 573 1582 comperi.
597 1502 657 1563 Eos
667 1522 724 1580 ego
736 1500 818 1561 locos
829 1500 1031 1561 subnotandus
1048 1502 1159 1579 putari,
1171 1501 1260 1579 inque

167 1593 317 1671 publicam
328 1594 523 1655 studiosorum
536 1594 689 1655 utilitatem
702 1592 905 1670 inculpandos.
947 1594 1122 1670 Quanquam
1131 1611 1201 1653 vero
1212 1592 1260 1651 his

153 1683 248 1744 „solus
261 1684 396 1764 privatim
410 1686 466 1745 frui
475 1687 642 1765 potuissem,
657 1685 747 1745 autin
761 1684 881 1745 occulto
893 1702 1011 1745 serrare
1022 1684 1136 1755 moinus,
1150 1694 1259 1757 nmen,

167 1794 233 1833 cum
247 1776 285 1835 ab
298 1776 464 1835 invidentias
478 1776 584 1855 'morbo
598 1788 700 1837 aalma
714 1775 895 1846 abhorream,
910 1787 942 1836 et
954 1776 1093 1835 candidas
1111 1791 1259 1835 musarmn

148 1870 265 1943 -januas
279 1886 342 1925 esse
357 1878 499 1945 oporteat,
510 1868 584 1929 ferre
598 1886 657 1927 non
670 1868 760 1947 potui,
777 1876 818 1938 ut,
828 1866 1001 1945 proverbiali
1020 1866 1163 1943 convicio,
1177 1866 1258 1927 canis

159 1944 197 2017 'in
216 1956 339 2035 praesepi
353 1957 477 2017 dicerer.
517 1958 606 2019 Dabo
627 1958 725 2037 itaque
744 1958 774 2017 in
795 1957 893 2017 lucem
913 1958 1065 2037 utriusque
1085 1956 1259 2036 exemplaris

164 2049 335 2119 lectionem,
353 2069 413 2108 non
425 2049 522 2110 statim
542 2050 794 2130 pronunciaturus,
807 2059 872 2109 utra
884 2048 922 2109 sit
935 2050 1050 2119 rectior,
1069 2048 1124 2109 nisi
1136 2049 1167 2107 in
1184 2050 1258 2109 locis

164 2152 268 2222 aperte
289 2140 451 2201 mendosis:
471 2160 572 2201 rerum
587 2146 649 2218 ejus
667 2140 770 2219 judicii
783 2160 933 2199 censuram
951 2140 1129 2200 doctioribus
1141 2139 1259 2201 relictu-

164 2252 223 2293 rus.
264 2232 392 2291 Tantum
405 2232 482 2293 enim
496 2233 566 2291 mihi
577 2244 687 2292 temere
700 2251 760 2290 non
774 2232 864 2291 ausim
877 2248 1004 2301 sumere,
1016 2241 1051 2288 ut
1064 2249 1101 2289 ea
1112 2231 1151 2289 de
1164 2250 1196 2290 re
1211 2235 1259 2305 ju·

165 2324 276 2384 dicium
291 2324 408 2383 faciam·
448 2322 605 2383 Neminem
617 2342 688 2383 vero
707 2321 756 2379 hic
775 2340 857 2388 meus
876 2321 960 2381 labor
977 2321 1118 2401 proderit,
1137 2322 1192 2382 nisi
1210 2322 1259 2383 cui

165 2414 382 2474 Demosthenes
396 2413 473 2472 domi
486 2413 584 2473 fucrit.
627 2413 661 2471 ln
678 2411 758 2471 tenui
779 2411 861 2471 labor
879 2422 934 2484 ert,
950 2412 1061 2473 fateor:
1084 2414 1139 2480 sed
1161 2413 1259 2475 tenuis
1375 2486 1385 2499 ἱ

165 2525 226 2566 non
241 2504 342 2584 gloria,
356 2506 380 2566 si
394 2504 500 2582 quibus
512 2504 542 2563 in
556 2503 628 2564 locis
642 2502 872 2564 Demosthenem
893 2514 944 2564 aut
963 2506 1187 2579 correxerimus,
1206 2510 1258 2567 aut

163 2599 206 2659 illi
221 2599 369 2680 pristinum
389 2597 513 2657 nitorem
533 2597 619 2672 hujus
632 2596 740 2657 uetusti
760 2597 936 2676 exemplaris
955 2598 1082 2658 subsidio
1095 2599 1257 2659 restitueri-

164 2711 241 2752 mus.
283 2690 351 2749 Non
366 2688 496 2748 attollam
511 2688 558 2747 hic
572 2689 667 2747 verbis
688 2688 852 2768 quicquam,
865 2709 925 2748 non
937 2698 1006 2750 sunt
1018 2690 1074 2749 ista
1086 2709 1161 2750 meaa
1173 2691 1259 2750 indu·

163 2784 252 2854 amisa,
278 2782 333 2842 sed
359 2779 524 2859 diligentie,
550 2793 637 2859 quarn
669 2781 856 2840 conferendis
883 2779 1097 2859 exemplaribus
1119 2780 1259 2860 impendi.

166 2873 335 2936 Sunthodie
349 2892 408 2933 non
421 2889 522 2951 parum
542 2871 634 2944 multi,
647 2871 707 2949 qui,
722 2889 789 2931 cum
803 2871 834 2930 in
855 2882 955 2932 autore
969 2871 1067 2951 aliquo
1080 2871 1127 2931 rel
1139 2872 1258 2932 unicum

159 2963 369 3035 adverbiolunr,
380 2974 431 3023 aut
444 2962 730 3042 conjunctiunculam
745 2981 831 3022 secus
844 2964 977 3042 positam
988 2973 1039 3022 aut
1050 2983 1258 3043 supervacuum

162 3057 334 3129 inuenerint,
357 3055 410 3116 Dii
432 3055 512 3128 boni,
533 3074 607 3134 quos
632 3055 763 3134 protinus
786 3055 958 3135 triumphos,
978 3074 1050 3134 quas
1070 3055 1258 3136 gloriationes

163 3148 336 3229 proferunt?
357 3167 444 3228 quam
458 3146 618 3207 insolenter
630 3147 685 3206 sibi
698 3147 826 3226 placent,
843 3147 978 3206 nimirum
997 3165 1031 3208 te
1052 3149 1130 3209 solos
1151 3149 1258 3210 acutis·

164 3241 236 3300 rime
249 3240 447 3318 perspexisse,
461 3238 541 3319 quod
554 3238 687 3298 homines
698 3239 804 3319 alioqui
815 3239 1025 3302 oculatissimus
1038 3240 1155 3318 fugerit.
1189 3241 1257 3302 Est·

164 3351 223 3411 que
234 3333 273 3391 ob
281 3352 368 3391 unam
379 3342 467 3412 atque
481 3332 602 3392 alteram
614 3330 823 3391 dictiunculam
832 3331 965 3410 protinus
977 3343 1054 3392 totus
1063 3344 1148 3393 autor
1159 3353 1258 3394 emcn-

164 3424 260 3483 datior
272 3423 434 3495 habendus,
445 3433 476 3483 et
485 3423 525 3483 ad
535 3423 727 3484 vetustissima
736 3424 914 3502 exemplaria
924 3425 1074 3495 restitutus
1082 3427 1256 3488 credendus.

165 3515 246 3588 Quid
261 3525 358 3575 autem
371 3515 541 3577 mendarum
555 3526 587 3576 et
600 3525 767 3576 erratorum
786 3515 876 3576 hodie
893 3517 952 3577 hcc
972 3518 1126 3579 mendacio
1140 3519 1171 3578 in
1189 3521 1257 3580 scri-

163 3608 296 3688 ptoribus
308 3606 437 3686 quotidie
450 3607 481 3665 in
495 3608 589 3667 lucem
602 3609 812 3688 prodeuntibus
825 3608 910 3668 nobis
925 3628 985 3668 non
1001 3611 1163 3671 obtrudunt
1174 3621 1258 3692 typo-

163 3700 267 3779 graphi
278 3700 293 3757 ?
306 3698 397 3758 Adeo
410 3691 530 3758 solenne
540 3709 571 3760 et
584 3721 638 3760 usu
647 3712 798 3781 receptum
811 3709 868 3772 est,
880 3701 1007 3761 omnium
1017 3701 1157 3763 librorum
1167 3705 1256 3768 titulis
1271 3706 1285 3716 '

163 3793 272 3855 addere
281 3812 289 3852 :
299 3791 346 3852 Ad
357 3792 735 3874 vetustissimaenemplaria
747 3795 910 3869 restitutus,
922 3806 954 3854 et
966 3797 1005 3855 ab
1014 3796 1132 3859 infinitis
1142 3797 1256 3860 mendis

163 3895 347 3964 repurgatus.
389 3884 420 3944 Si
440 3895 539 3946 tamen
558 3886 616 3964 hoc
639 3886 710 3946 licet
730 3885 812 3946 elteri
834 3887 863 3946 in
885 3886 975 3947 latino
985 3889 1137 3968 quopiam,
1157 3908 1257 3970 neque

162 3987 253 4038 tantae
272 3977 371 4037 classis
389 3987 501 4054 autore,
515 3977 635 4038 invento
655 3998 714 4039 unc
734 3989 822 4058 atque
840 3977 934 4040 altero
945 3981 1067 4040 verbulo
1078 3982 1205 4043 rectiore
1224 3991 1257 4040 et

163 4068 370 4140 emendatiore,
385 4069 565 4130 exclamare:
589 4070 706 4150 Reperi,
720 4091 778 4130 non
791 4071 871 4149 quod
883 4072 967 4151 pueri
980 4073 1131 4136 clamitant
1142 4073 1173 4131 ih
1185 4073 1257 4134 faba

162 4181 195 4222 se
209 4160 370 4240 reperisse:
385 4179 436 4222 cur
450 4161 518 4222 mihi
528 4182 587 4222 non
600 4163 678 4224 idem
689 4163 778 4224 liceat
788 4163 818 4222 in
831 4165 1041 4237 Demosthene,
1051 4176 1152 4226 autore
1161 4173 1256 4235 tanto,

162 4263 282 4332 tamque
295 4251 425 4312 eximio?
445 4255 619 4334 Quanquam
633 4256 704 4336 quid
715 4275 768 4316 nos
781 4257 983 4336 repererimus,
998 4255 1259 4332 verbisJactantin·

163 4343 241 4404 ribus
262 4361 335 4422 opus
355 4362 414 4404 non
437 4355 495 4406 est:
517 4365 563 4406 res
583 4346 647 4426 ipsa
664 4347 816 4408 indicabit.
858 4351 959 4428 Atque
978 4348 1090 4408 utinam
1110 4347 1257 4426 integrum

156 4437 311 4514 exemplar
323 4437 407 4496 nobis
421 4437 549 4498 oblatum
561 4439 675 4514 fuisset,
686 4451 719 4500 ut
732 4441 771 4500 ad
782 4460 851 4500 sum
862 4441 982 4502 modum
995 4459 1098 4500 omnes
1111 4441 1255 4507 oracione·

160 4525 241 4588 'inter
261 4545 293 4588 ss
316 4527 439 4592 collatas
462 4531 630 4616 emendare
643 4531 849 4612 potuissemus,
868 4552 927 4594 non
949 4542 1159 4611 permutassent
1183 4553 1255 4616 opas
