3150 5125
331 400 415 465 ‘exuli
680 398 844 463 narem
865 398 1095 460 Pnaern'rro

339 554 507 616 vetustiora
526 554 607 615 initio
628 575 766 635 perquam
785 556 905 636 copiosa
924 565 1003 625 sunt,
1026 553 1081 615 sed
1103 570 1164 631 quo
1186 551 1280 632 magis
1301 551 1453 631 procedis

341 666 424 727 opus,
440 647 498 707 hoc
511 648 603 725 magis
617 648 805 709 decrescunt.
846 648 894 707 ln
916 658 1062 713 ememus
1083 645 1231 705 orationes
1251 642 1290 703 ed
1309 645 1452 723 privates

339 758 441 799 cauam
455 738 643 818 pertinentes,
658 760 743 819 paene
756 740 837 799 nulla
846 750 924 811 sunt,
939 743 970 799 et
979 759 1047 818 quse
1059 748 1137 807 sunt,
1147 757 1188 797 ex
1199 738 1446 817 Harpocratione

338 839 407 889 sunt
427 831 576 909 decerpta.
617 832 653 890 In
671 831 864 912 Olynthiacas
884 841 992 901 autem,
1014 828 1198 909 Philippicas,
1221 828 1378 900 suasorin,
1400 830 1443 889 de

338 940 456 993 corona,
470 921 550 981 etde
567 922 641 983 falsa
661 918 819 1001 legatione,
842 920 1004 1001 copiosiora
1026 914 1111 991 suot3
1130 920 1224 980 multa
1240 920 1353 979 habent
1373 920 1441 981 ine·

339 1012 409 1084 dita,
424 1012 453 1072 in
471 1012 534 1091 ipsa
552 1012 678 1073 editione
691 1014 822 1073 Parisino
831 1011 1007 1083 deficientia,
1019 1030 1086 1090 quae
1099 1011 1212 1071 scholia
1224 1011 1318 1073 habet
1331 1011 1440 1071 editio-

337 1124 407 1164 num
421 1104 550 1165 omnium
563 1104 801 1193 locupletissima.
814 1124 880 1183 que
893 1101 1156 1177 Bavaricushabet
1167 1102 1249 1162 edita
1260 1102 1385 1175 scholia,
1399 1122 1439 1163 ce
1560 1137 1561 1144 κ

337 1196 430 1255 multo
443 1194 492 1256 hic
512 1196 651 1275 leguntur
671 1196 875 1267 emendatiora,
897 1214 988 1275 quam
1008 1194 1096 1273 vulgo
1120 1194 1150 1253 in
1173 1194 1255 1255 libris
1274 1195 1437 1273 impressis
1560 1227 1561 1278 3

340 1286 459 1347 Scholia
478 1288 643 1349 recentiora
664 1308 681 1347 e
703 1308 791 1349 manu
808 1286 877 1366 elia,
895 1286 1040 1367 pinguiori
1059 1300 1092 1347 et
1111 1287 1206 1347 minus
1226 1288 1358 1365 eleganti
1379 1288 1436 1347 sd·

337 1378 448 1459 scripta
466 1391 533 1439 sunt
553 1380 731 1441 orationibus
753 1382 877 1452 duabus,
890 1398 945 1461 pro
965 1398 1074 1439 corona
1086 1388 1118 1439 et
1131 1379 1170 1439 de
1184 1379 1260 1439 falsa
1271 1379 1433 1458 legatione.

338 1468 455 1529 Horum
467 1471 662 1531 recentiorum
675 1471 853 1532 scholiorum
870 1471 1011 1550 pleraque
1029 1481 1098 1529 eunt
1108 1470 1219 1549 inepta,
1230 1471 1300 1531 luce
1313 1472 1434 1550 publica

329 1561 466 1641 indigne,
481 1582 500 1621 a
518 1562 726 1642 Moschopulo,
750 1573 783 1622 ut
807 1563 877 1621 mihi
897 1561 1022 1635 videtur,
1042 1561 1186 1641 profecta.
1238 1561 1300 1621 Sed
1319 1562 1351 1621 in
1374 1564 1431 1622 hac
1560 1605 1561 1642 ,

336 1664 430 1732 parte,
445 1674 511 1732 quse
525 1654 604 1725 istas,
616 1674 688 1733 quas
703 1654 772 1732 dixi,
784 1653 859 1714 duas
876 1654 1023 1713 orationes
1037 1664 1129 1725 tenet,
1140 1654 1238 1713 codex
1250 1654 1299 1713 hic
1314 1653 1431 1715 Bsrari·

335 1761 387 1801 cus
401 1763 456 1803 usu
467 1754 512 1803 est
528 1744 653 1803 maxime
667 1744 799 1819 detritus,
812 1746 1025 1825 propemodum
1034 1745 1189 1817 laceratus,
1202 1758 1234 1829 et
1247 1747 1429 1819 obscuratus,

241 1874 242 1879 κ
335 1845 369 1895 ut
378 1856 463 1917 paene
478 1836 621 1897 dilabatur
634 1858 695 1916 proe
705 1848 859 1911 vetustate,
874 1848 905 1897 et
917 1857 1053 1897 manuum
1062 1836 1203 1897 sordibus.
1238 1838 1335 1897 Tanto
1347 1858 1427 1896 mun-

335 1928 398 1987 dior
412 1939 538 2009 estpars
550 1930 702 2009 posterior,
725 1930 756 1990 in
774 1949 832 2008 qua
852 1941 921 1990 sunt
940 1950 1038 1991 causa
1056 1930 1179 2009 publica
1196 1941 1228 1990 et
1248 1929 1374 2009 priuata,
1386 1930 1428 1989 ‘ut

334 2040 402 2101 pars
416 2020 481 2081 haec
493 2041 577 2101 paens
596 2022 705 2082 intacta
725 2042 743 2082 a
761 2024 895 2083 menibus
913 2023 1099 2083 tractantium
1113 2023 1258 2105 ¹videntur.
1300 2021 1363 2087 Sed
1382 2022 1427 2081 in·

326 2132 408 2191 ¹gens
421 2124 466 2173 est
484 2112 515 2171 in
533 2114 588 2175 hac
605 2124 690 2193 perte
711 2114 817 2174 lacuna
835 2134 888 2193 per
907 2115 1004 2193 plures
1022 2115 1144 2195 paginas
1157 2114 1332 2195 procedens.
1370 2114 1425 2174 Ja-

325 2216 436 2277 cuerat
447 2205 543 2265 codex
556 2206 584 2265 in
599 2206 664 2266 loco
676 2207 807 2269 humido.
822 2227 880 2287 quo
892 2207 1002 2267 lactum
1014 2219 1104 2267 estut
1123 2228 1191 2289 pars
1204 2209 1335 2287 quoedam
1347 2227 1426 2271 com·

333 2299 499 2378 putruisset
513 2300 579 2361 hec
598 2310 676 2361 sarta
695 2300 880 2381 postmodum
900 2309 945 2360 est
963 2318 983 2359 a
1001 2318 1088 2360 manu
1105 2299 1279 2371 recentiore,
1298 2318 1358 2361 uon
1376 2299 1424 2357 in·

333 2390 422 2450 ficeta
434 2390 553 2469 quidem
566 2391 627 2463 illa,
644 2392 738 2451 minus
752 2403 863 2463 umen,
873 2401 963 2472 atque
974 2401 1089 2453 vetusta
1102 2403 1157 2464 eat,
1165 2392 1310 2479 eleganti,
1323 2390 1423 2462 nescio

332 2481 422 2541 unde.
462 2482 534 2541 Post
546 2482 774 2547 Demosthenem
787 2496 953 2570 sequuntur⁴
961 2483 1111 2544 Plutarchi
1131 2485 1199 2545 vita
1212 2483 1359 2564 perellelre
1371 2482 1423 2543 uli·

331 2585 414 2652 quot,
428 2574 465 2634 ab
479 2573 581 2636 eadem
596 2576 713 2656 antiqua
724 2595 825 2649 manu,
839 2577 890 2636 illa
909 2575 984 2638 scita
1001 2589 1033 2636 et
1045 2587 1178 2649 venuste,
1192 2577 1248 2638 sed
1259 2587 1421 2637 ammento

215 2661 223 2686 ’
322 2665 545 2744 pallidiusculo,
566 2678 599 2726 ut
621 2688 704 2748 aegre
720 2669 864 2749 legantur.
904 2669 943 2731 Iu
954 2678 1085 2731 ertrerm
1098 2669 1156 2730 fine
1177 2655 1284 2748 legitur
1308 2663 1420 2747 Synesri

331 2757 405 2838 disp.
419 2758 456 2818 dc
471 2759 616 2820 insomniis
629 2779 694 2822 cum
714 2761 923 2822 commentario
944 2760 1102 2840 Nicephori
1123 2762 1278 2840 Gregorae,
1296 2778 1315 2818 a
1334 2777 1420 2818 mauu

330 2849 436 2939 scripta
448 2850 541 2911 multo
561 2851 733 2933 antiquiore,
747 2853 778 2914 in
792 2853 899 2914 chartis
912 2853 1000 2932 louge
1013 2853 1087 2928 aliis,
1101 2854 1190 2916 literis
1203 2851 1418 2925 honidodbus,

331 2960 398 3002 cum
410 2943 508 3002 nescio
518 2943 622 3022 quibus
635 2963 672 3004 er
680 2945 835 3006 Aristotele
845 2944 1025 3026 hagmcutis.
1136 3011 1143 3024 ,

751 3189 879 3258 8ΕοΤ.
901 3186 996 3258 XX.
1097 3231 1100 3239 ·

665 3350 712 3410 De
727 3352 817 3412 rodim
829 3351 1064 3411 Memnoaaicao.

367 3481 554 3553 Grannona
570 3487 789 3564 Meermannus,
800 3493 854 3554 Vir
867 3505 902 3556 et
918 3493 1076 3553 honoribus
1098 3505 1130 3554 et
1154 3488 1264 3554 meritis
1286 3487 1324 3554 de
1337 3488 1415 3554 Juris

324 3583 480 3663 prudentia
499 3583 633 3644 nobiliori
646 3580 775 3656 illustris,
790 3579 998 3649 ehibliotheca
1010 3604 1063 3646 sua
1076 3581 1185 3647 codicis
1204 3580 1414 3648 demosthenici

325 3675 439 3755 copiam
461 3675 530 3735 mihi
553 3676 635 3747 fecit,
657 3677 783 3738 tenentis
807 3697 876 3738 cum
899 3677 1120 3758 quatuordecim
1140 3678 1305 3759 philippicis
1328 3677 1413 3738 etiam

324 3767 396 3828 dius
409 3768 547 3828 adversus
562 3765 740 3829 AEechinem.
755 3770 850 3830 codex
860 3781 906 3829 est
918 3769 947 3829 in
960 3769 1059 3830 charte
1070 3770 1244 3850 bombycina
1264 3780 1410 3838 exarnus,

323 3881 420 3933 manu,
435 3881 494 3922 non
506 3861 556 3921 illa
566 3860 683 3940 quidem
696 3853 872 3942 inelegante,
885 3862 939 3922 sed
952 3861 1083 3935 indocta,
1095 3862 1235 3942 superiori
1248 3861 1368 3934 soeculo,
1380 3850 1413 3920 ut

321 3954 481 4026 videbatur,
502 3953 674 4033 nescioquo
694 3975 712 4014 e
726 3954 810 4032 libro,
823 3974 883 4014 non
904 3951 1013 4033 optimo
1026 3953 1144 4033 quidem
1157 3954 1219 4025 illo,
1240 3953 1411 4032 exscriptus.

322 4048 401 4126 quod
423 4067 489 4107 cum
511 4046 615 4106 mihie
637 4047 793 4108 collatione
816 4045 1057 4128 Olynthiacarum
1081 4049 1269 4120 constitisset,
1292 4049 1411 4108 obrutus

321 4140 383 4200 eliis
403 4141 498 4200 multis
517 4139 650 4218 negotiis,
667 4141 726 4198 cito
740 4139 947 4200 remittendum
966 4139 1038 4199 duni
1055 4139 1187 4200 codicem
1201 4139 1240 4200 ad
1252 4140 1410 4202 dominum.

322 4233 489 4314 Specirnina
502 4243 600 4293 tamen
612 4238 677 4308 ejus„
689 4233 719 4292 in
731 4233 833 4294 libello
842 4231 1014 4292 vadantium
1024 4232 1167 4295 dabimus.
1194 4233 1299 4295 Gratia
1313 4244 1409 4293 umen

319 4326 504 4386 humanitatis
514 4325 583 4384 mihi
596 4325 626 4383 in
640 4323 697 4384 hoc
711 4325 815 4385 codice
835 4324 1076 4385 communicando
1096 4327 1301 4388 demonstratas
1321 4326 1409 4386 nihilo

319 4417 413 4476 minor
434 4437 525 4496 penes
545 4435 598 4475 nos
616 4414 733 4476 domino
755 4415 866 4478 codicis
888 4427 997 4490 manet,
1017 4436 1053 4477 ac
1066 4417 1091 4477 si
1104 4417 1233 4480 omnium
1252 4418 1408 4486 codeaille

316 4508 571 4589 praestantissimus
584 4503 695 4569 luisset.
