3150 5125
199 353 203 359 ῃ
289 407 349 472 elsi
620 403 785 466 nnlsun
805 395 1054 463 nummo.

212 554 216 562 ’
291 564 376 639 dsts,
396 582 451 641 pro
462 559 659 621 fundamento
678 577 741 618 sua
757 558 876 635 majoris
890 513 1065 638 poneretur.
1107 549 1252 634 Loquitur
1271 553 1313 617 ds
1333 551 1405 613 edi·-

292 657 384 725 tione,
402 673 491 734 qnam
506 652 732 730 Hernagianum
744 650 905 714 secundam
918 649 1045 729 appello,
1060 648 1185 707 Besiless
1204 648 1241 706 Α.
1259 649 1348 708 1547.
1364 646 1403 702 in
1530 658 1536 673 ·

291 747 387 808 forms
398 756 514 816 nemra,
525 744 815 804 tnbusvoluminibus
824 743 951 824 proditu,
963 759 1086 821 quorum
1094 757 1153 799 non
1164 739 1221 798 nisi
1231 737 1291 797 duc
1302 739 1398 816 prima

292 857 387 919 penes
404 857 453 898 me
469 847 539 897 sunt
550 835 708 896 volumina.
720 855 748 895 r.
763 845 894 894 annotat.
913 833 1013 894 Wolfii
1025 833 1063 893 ad
1077 832 1244 911 mummium
1259 835 1309 891 22.
1346 830 1396 889 De

295 929 437 991 Felieiani
455 928 567 989 meritis
578 927 713 988 literatius
734 928 860 987 libenter
879 925 1016 1005 equidem
1029 923 1211 993 dissererem,
1225 923 1250 982 si
1271 921 1342 1001 quid
1363 922 1394 980 in

295 1019 467 1083 adversariis
474 1029 645 1081 cunctam
658 1019 807 1080 haberem.
839 1019 946 1098 Neque
954 1029 1054 1078 tamen
1063 1015 1131 1075 ideo
1145 1015 1301 1074 illaudatus
1314 1033 1333 1072 a
1346 1030 1394 1073 me

295 1113 431 1173 discedet
439 1113 483 1172 sir
495 1111 643 1192 egregius,
655 1131 742 1191 quem
755 1111 856 1190 magni
868 1110 958 1170 secio.
979 1111 1056 1176 Qute
1068 1106 1182 1168 interim
1197 1105 1246 1166 ille
1258 1107 1290 1164 in
1304 1105 1395 1165 literis

296 1205 433 1286 gesserit,
446 1204 497 1284 qui
514 1223 696 1282 cognoscere
708 1203 840 1282 cupient,
854 1221 906 1264 eos
924 1203 963 1262 ad
981 1200 1121 1278 ejunnodi
1135 1200 1224 1259 libros
1237 1198 1394 1276 ablegatio,

296 1297 348 1375 qui
360 1295 399 1356 de
412 1297 478 1357 ritis
490 1296 697 1356 excellentium
709 1296 852 1356 Italorum
866 1303 1074 1374 exposuerunt.
1116 1293 1232 1351 Interea
1246 1291 1317 1350 dum
1329 1290 1396 1349 boee

297 1389 494 1468 ¹excuduntur,
512 1409 596 1469 spem
609 1389 679 1448 mibi
691 1408 747 1468 per
759 1390 859 1448 literas
872 1388 943 1449 facit
958 1387 1068 1448 amicus
1083 1383 1343 1463 Argentoratensis
1355 1383 1398 1441 de

298 1483 357 1542 hac
369 1482 498 1542 εᾰὶιὶοιιιι
512 1481 653 1542 Felicinni
673 1500 691 1540 e
711 1481 890 1540 bibliotheca
906 1499 960 1540 sus
979 1479 1018 1538 ad
1038 1497 1084 1538 me
1104 1475 1256 1536 mittenda.
1298 1476 1396 1540 Quam

298 1575 351 1636 ubi
362 1575 489 1654 adeptus
500 1591 563 1645 erc,
573 1573 675 1634 licebit
685 1572 755 1634 mibi
768 1573 807 1632 de
820 1591 857 1634 ea
870 1572 1018 1651 aliquanto
1033 1569 1200 1648 diligentius
1212 1583 1391 1650 exponere--

753 1837 881 1906 SECT.
902 1838 948 1902 V.

625 1999 674 2062 De
693 2001 809 2059 editione
829 1999 914 2058 Pauli
934 1999 1070 2062 Munatii.

342 2158 523 2218 Fatrcrsrrr
535 2155 694 2216 editionem
706 2153 841 2214 insecuta
852 2163 897 2212 est
908 2153 997 2213 editio
1007 2151 1215 2213 Demosthenis
1228 2171 1268 2212 ex
1282 2149 1392 2211 officina

303 2251 386 2312 Pauli
402 2249 539 2320 Manutii,
553 2267 640 2328 quarn
655 2251 686 2307 in
699 2247 934 2307 annotationibus
948 2246 1096 2325 appellare
1113 2245 1194 2306 soleo
1215 2246 1305 2304 modo
1319 2245 1392 2302 Pau·

301 2345 400 2413 linarm
413 2343 502 2403 modo
515 2341 650 2411 Paulum,
659 2341 747 2400 modo
760 2338 865 2398 litteris
878 2338 914 2398 P.
932 2339 1015 2398 Man.
1030 2338 1162 2416 designo.
1192 2336 1309 2397 Titulus
1323 2337 1393 2396 illius

305 2433 437 2495 editionis
457 2453 516 2492 non
530 2441 575 2490 est
587 2451 662 2490 unus
679 2431 815 2489 universo
828 2430 968 2508 prefixus
989 2429 1079 2510 operi,
1095 2429 1150 2488 sed
1169 2429 1256 2488 trium
1274 2427 1393 2487 volumi·

302 2545 373 2587 num
387 2527 444 2605 (tot
454 2524 531 2585 enim
544 2521 693 2584 volumina
702 2533 797 2583 toturn
808 2540 880 2602 opus
891 2521 1135 2597 conficiunt)suus
1144 2520 1249 2601 cuique
1260 2521 1394 2601 praefixus

303 2628 350 2680 esi
357 2618 500 2698 proprius,
508 2628 539 2677 et
552 2616 644 2696 primo
657 2615 777 2695 quidem
788 2614 837 2675 hic
851 2614 1051 2695 Δημοσθένους
1064 2618 1159 2690 λόγων
1173 2628 1271 2694 τμῆμα
1281 2626 1394 2695 πρῶτον.

305 2710 513 2772 Demosthenis
530 2709 692 2769 orationum
714 2727 782 2788 pars
795 2708 895 2787 prima,
917 2707 946 2765 in
960 2724 1019 2786 qus
1039 2706 1235 2766 deliberativae
1253 2708 1394 2767 orationes

303 2804 444 2876 sedecim,
457 2822 524 2863 cnm
533 2800 663 2862 exordiis
672 2798 868 2861 deliberativis
878 2797 988 2859 et'dure
1001 2798 1235 2859 demonstrative
1247 2799 1395 2858 continen-

300 2908 359 2958 tur.
380 2896 520 2955 Secundo
537 2894 586 2954 hie
599 2892 795 2972 Δημοσθένους
813 2892 907 2966 λόγων
921 2904 1017 2971 τμῆμα
1032 2891 1167 2969 δεύτερον.
1190 2891 1395 2951 Demosthenis

305 2990 467 3047 orationum
481 3004 548 3064 pars
562 2984 705 3051 secunda,
720 2982 821 3059 inqua
835 2981 987 3057 jndicislo·
999 3001 1103 3045 norem
1116 2988 1178 3059 ejus
1190 2984 1316 3063 publice
1334 2998 1397 3045 ursi

302 3077 399 3137 tlones
417 3076 613 3136 continentur.
653 3073 756 3132 Tertio
769 3073 817 3132 hic
835 3073 1037 3153 Δημοσθένους
1059 3080 1155 3151 λόγων
1174 3091 1271 3163 τμῆμα
1294 3080 1395 3155 τρίτον.

305 3167 512 3229 Demosthenis
531 3164 693 3225 orationum
712 3183 781 3244 pars
799 3166 895 3251 tertia,
914 3186 972 3246 qua
986 3168 1143 3243 judiciales
1161 3178 1221 3229 tres
1234 3180 1265 3227 et
1283 3170 1398 3247 triginta

303 3262 424 3341 privatm
445 3262 509 3337 ejus
526 3256 714 3317 continentur
734 3258 890 3319 orationes.
933 3260 1098 3338 Unicuique
1122 3259 1225 3319 horum
1248 3260 1397 3321 titulorum

305 3352 500 3431 subscriptum
514 3361 560 3410 est
573 3348 857 3428 corrigentePaulo
872 3350 1010 3411 Manutio
1024 3351 1090 3411 Aldi
1103 3352 1173 3412 filio.
1214 3352 1344 3412 Venetiis
1358 3355 1396 3413 A.

308 3450 396 3507 1554.
406 3464 472 3522 quse
484 3444 574 3503 rerba
587 3441 706 3501 dubium
719 3452 766 3503 est
775 3444 923 3521 quomodo
938 3444 1030 3523 accipi
1041 3445 1166 3505 voluerit
1179 3444 1300 3507 Paulus.
1340 3447 1398 3513 Qui

305 3537 331 3599 si
344 3535 437 3595 voluit
448 3534 631 3595 solummodo
642 3534 818 3613 significare,
835 3554 867 3604 se
887 3536 1009 3595 mendas
1022 3538 1248 3617 typographicae
1262 3538 1400 3599 echartis

306 3629 428 3690 musteis
440 3629 539 3689 adhuc
552 3638 612 3687 eta
623 3628 708 3707 prelo
720 3626 844 3687 madidis
858 3624 1020 3699 sustulisse,
1035 3648 1080 3687 nm
1092 3641 1187 3708 partes
1201 3648 1269 3690 suas
1279 3632 1339 3709 egit
1350 3631 1401 3691 ad-

305 3721 424 3782 modum
435 3720 622 3799 indiligenter
632 3728 664 3779 et
675 3719 821 3798 imperite.
851 3721 952 3780 Scatet
962 3721 1039 3780 enirn
1053 3722 1144 3782 editio
1154 3721 1277 3782 Paulina
1288 3724 1400 3801 mendis

306 3811 526 3893 typographicis
540 3822 586 3870 tot
597 3830 721 3871 numero
734 3821 836 3871 ettam
851 3812 991 3892 turpibus,
1006 3825 1147 3873 utomnes
1158 3814 1228 3874 alias
1242 3815 1331 3893 longe
1344 3816 1401 3876 hoc

307 3907 338 3966 in
353 3922 463 3985 genere
476 3904 581 3964 vincat.
599 3904 650 3964 Sin
659 3915 758 3964 autem
771 3922 931 3983 suggerere
939 3905 1050 3965 Paulus
1061 3906 1162 3977 voluit,
1172 3908 1400 3968 Demosthenem

306 4017 326 4058 a
338 4017 373 4058 se
386 4016 404 4056 e
415 3996 498 4056 libris
507 3996 630 4075 antiquis
639 3996 754 4056 calamo
765 3997 893 4055 exeratis
902 3996 1052 4057 meliorem
1064 4018 1128 4057 esse
1142 3998 1264 4069 factum,
1278 4000 1309 4058 id
1322 4000 1401 4079 quod

307 4089 424 4150 videtur
438 4088 557 4148 omnino
570 4088 655 4147 dese
670 4092 786 4162 jactare
799 4086 934 4164 voluisse,
947 4086 1044 4147 furnos
1057 4086 1198 4149 vendidit.
1242 4090 1308 4170 Ego
1321 4092 1402 4170 equi·

307 4182 387 4252 dem,
400 4199 575 4261 quamquam
592 4178 680 4239 rideo
699 4178 793 4237 bonas
811 4178 842 4236 in
860 4196 896 4237 es
916 4180 1020 4241 multas
1041 4200 1105 4241 esse
1120 4181 1271 4253 lectiones,
1287 4182 1403 4242 Aldinis

171 4300 175 4308 ⁴
306 4272 450 4343 meliores,
461 4272 568 4331 nullam
578 4282 678 4330 tamen
692 4268 820 4326 omnium
831 4268 1045 4347 suspitionem,
1057 4292 1122 4351 quse
1136 4292 1222 4331 none
1238 4268 1403 4334 Felicianea

306 4364 439 4424 derivata
451 4364 499 4429 sit.
541 4360 679 4423 Feliciani
690 4358 848 4420 editionem
862 4380 881 4419 a
892 4360 985 4421 Paulo
998 4360 1135 4423 Manutio
1143 4366 1322 4445 exscriptum
1338 4386 1404 4427 esse

307 4456 350 4513 sit
363 4456 473 4535 Taylor
488 4456 528 4519 ad
542 4450 579 4515 T.
600 4454 643 4513 11.
662 4474 693 4534 p.
706 4456 779 4517 870.
811 4452 962 4533 Nusquam
983 4466 1080 4517 tomen
1096 4456 1204 4516 Paulus
1224 4458 1405 4521 Felicianum

307 4550 448 4612 nominat.
488 4549 605 4619 Qua-in,
621 4566 655 4607 rs
667 4566 736 4608 uum
750 4546 821 4608 honi
839 4559 872 4609 st
891 4547 1006 4609 honesti
1025 4549 1077 4609 siri
1091 4568 1198 4609 nomen
1218 4551 1294 4611 tueri
1314 4562 1410 4633 quest
1538 4604 1539 4607 ,
