3150 5125
366 463 370 475 ,
400 356 463 467 sn
483 404 607 469 sunm
627 404 852 469 nrmosrrr.
873 406 1086 471 ramira.
1226 406 1297 471 mu

200 553 991 645 bb'ccctprivrtimincolumet,acperpetootlosente'a
1011 560 1191 639 sxsopnu
1199 571 1297 621 vestm

198 654 281 725 urbe,
301 672 387 735 quam
402 656 581 718 Ptolomeus
594 655 787 729 Vindelicum,
801 655 959 715 Rbeticam
979 653 1027 713 alii
1040 655 1208 732 Augustam
1234 653 1295 713 dici

196 744 305 808 volunt.
347 748 448 809 ldibur
462 750 597 829 Augusti,
610 749 701 811 natali
713 768 791 811 mec.
832 748 919 807 Anno
930 746 1073 807 restituta
1091 745 1219 807 nummo
1238 761 1292 823 gs*

197 836 260 897 neri
280 838 382 901 salutis
402 858 440 901 u.
451 859 484 901 n.
498 860 573 902 ιιι.

412 1068 415 1075 “
463 1094 798 1173 arenosum
824 1095 1030 1173 wossn

208 1324 211 1329 Ι
299 1238 469 1325 OEtiogeiuir
481 1248 519 1307 cd
526 1250 672 1308 ‘candidum
683 1249 811 1307 lectorem
823 1246 852 1306 ia
868 1246 983 1323 Ulpium
994 1248 1190 1305 consertionem

671 1350 818 1433 Profecto.

236 1460 298 1535 Est,
309 1464 435 1527 candide
448 1467 551 1540 lector,
565 1468 686 1527 alteram
699 1468 831 1547 promissi
844 1467 951 1529 laboris
960 1478 1082 1547 partem,
1093 1463 1213 1544 Ulpiani
1227 1462 1292 1523 rhe-
1384 1485 1387 1493 ¹

194 1550 267 1611 totis
286 1571 307 1611 x
326 1566 358 1613 at
371 1574 438 1613 vrrr
454 1558 617 1615 orationum
631 1557 838 1617 Demosthenis
850 1560 1074 1629 enarrationem,
1089 1555 1174 1617 citius
1192 1556 1290 1627 etiarm

104 1706 110 1715 ,
195 1660 284 1721 qnam
293 1664 357 1705 sum
371 1645 538 1725 pollicitus:
559 1666 632 1725 opus
644 1648 738 1705 minus
751 1646 876 1705 sonasse
888 1644 968 1705 lectu
978 1648 1151 1721 jucundum,
1164 1648 1292 1709 sedatu·

195 1735 285 1819 dionis
310 1738 553 1811 adolescentibus,
578 1749 612 1798 ut
638 1736 707 1795 mihi
735 1737 911 1815 persuadeo,
935 1756 994 1797 non
1019 1738 1123 1799 inutile
1148 1736 1291 1798 futurum.

195 1830 271 1893 Qua
284 1827 369 1889 etiam
384 1848 473 1891 causa
485 1830 550 1902 fuit,
564 1840 597 1891 ut
615 1828 848 1889 molestissimum
867 1829 997 1890 laborem
1016 1830 1097 1889 bunc
1110 1848 1217 1908 capere
1230 1848 1292 1889 non
1310 1830 1316 1839 ‘

192 1920 248 1982 sim
261 1934 408 2001 gravatus,
427 1935 458 1985 et
471 1943 616 1984 summum
635 1922 775 1983 devorare
796 1921 927 2000 taedium,
942 1922 1023 2002 quod
1035 1933 1175 2002 quantum
1188 1916 1303 1993 meria*

192 2013 213 2073 ii
234 2015 350 2075 demum
371 2016 547 2096 intelligent,
561 2015 611 2095 qui
633 2015 755 2077 mendas
776 2014 876 2074 Graeci
896 2014 1018 2087 codicis,
1038 2014 1068 2073 in
1087 2014 1208 2093 singulis
1227 2014 1292 2075 feta

191 2105 304 2185 paginis
323 2105 460 2179 infinitas,
482 2106 673 2169 observarint.
723 2107 776 2165 Ad
789 2106 856 2166 hoec
868 2107 931 2186 ipsa
943 2098 1215 2167 commentariorum
1235 2125 1288 2165 na·

190 2208 256 2275 tius
270 2211 314 2259 est
327 2200 402 2271 talis,
416 2211 450 2259 ut
463 2200 580 2260 modica
592 2198 747 2279 voluptatis
763 2198 905 2259 illecebra
915 2200 1047 2259 laborem
1060 2210 1092 2257 et
1104 2197 1289 2275 defatigatio·

190 2311 261 2351 nem
276 2292 376 2351 levent
395 2292 571 2371 interpretis,
585 2292 701 2350 tametsi
717 2290 951 2377 'emendatissimi
971 2299 1086 2349 essem:
1107 2300 1137 2348 et
1151 2299 1185 2348 ut
1197 2288 1290 2348 lecta·

192 2400 255 2443 rem
278 2383 437 2460 requirant,
462 2381 676 2440 difficultatibus
699 2380 842 2458 aliquibus
864 2381 1045 2461 intelligendi
1067 2380 1158 2460 ipsius
1182 2380 1292 2442 autoris

191 2471 420 2533 conflictantem.
462 2474 537 2537 Quae
550 2490 595 2531 res
615 2490 673 2531 una
685 2472 747 2531 fere
760 2472 841 2545 facit,
856 2484 898 2547 ut,
913 2494 978 2552 quae
990 2492 1045 2552 per
1058 2492 1090 2533 se
1105 2472 1187 2533 utilis
1205 2484 1285 2545 sunt

191 2582 254 2623 non
267 2563 441 2624 modobitra
449 2562 606 2636 fastidium,
622 2563 674 2622 sed
688 2583 794 2642 magns
806 2565 894 2626 stiam
907 2585 974 2626 cum
989 2565 1128 2626 aviditate
1140 2566 1288 2645 legantur.

192 2652 259 2714 Etsi
272 2663 369 2713 autem
381 2673 440 2736 non
454 2653 566 2723 dubito,
589 2673 653 2714 esse
667 2655 803 2734 plurima,
815 2666 877 2715 mm
890 2657 1088 2734 grammatica,
1111 2670 1174 2715 tum
1194 2670 1289 2716 orato·

189 2745 243 2816 ria,
257 2764 323 2824 quoe
337 2745 483 2805 studiosus
497 2745 591 2804 lector
611 2746 750 2826 explicari
769 2747 825 2807 sibi
838 2747 1004 2826 diligentius
1018 2757 1050 2806 et
1066 2747 1221 2826 copiosius,
1241 2757 1286 2808 at·

188 2855 248 2914 que
266 2835 353 2894 etiam
368 2835 521 2896 dilucidius
539 2846 641 2914 optet:
661 2857 720 2896 non
741 2847 840 2898 tamen
859 2837 1015 2916 abjiciendi
1034 2836 1164 2896 videntur
1176 2837 1197 2895 ii
1209 2836 1286 2910 libri,

187 2925 247 3008 qui,
261 2947 329 2987 cum
344 2928 433 2988 multa
452 2928 536 2988 utilia
549 2929 727 2998 contineant,
742 2929 877 3005 quaedam
898 2928 986 2988 etiam
1006 2946 1225 3005 supervacanea
1236 2927 1288 2988 ad·

187 3018 321 3096 miscent,
336 3019 471 3099 quaedam
490 3019 658 3092 necessaria
677 3029 865 3099 praetereunt.
906 3020 957 3079 De
970 3019 1074 3098 quibus
1093 3018 1287 3085 incommodis

187 3130 246 3190 ego
269 3131 384 3192 quoque
407 3112 437 3171 in
458 3112 537 3172 omni
560 3111 834 3172 commentariorum
855 3131 966 3190 genere
989 3130 1104 3170 mecum
1125 3109 1284 3189 saepissime

188 3222 312 3282 queror:
333 3215 364 3264 et
377 3216 486 3274 umen,
500 3225 566 3265 cum
581 3204 689 3282 cogito,
700 3203 724 3264 si
737 3204 808 3262 mibi
820 3204 852 3262 in
866 3195 972 3264 eodem
985 3213 1155 3282 argumento
1168 3222 1285 3262 versan-

189 3293 260 3358 dum
273 3307 360 3368 esset,
380 3315 427 3356 me
440 3317 559 3376 quoque
573 3295 776 3374 prestiturum,
788 3295 913 3355 fortasse
933 3316 992 3355 non
1005 3294 1084 3373 quod
1097 3294 1214 3366 vellem,
1229 3295 1284 3357 sed

189 3383 270 3463 qnod
282 3405 406 3463 possem,
419 3387 532 3446 veniam
551 3387 600 3458 do,
623 3396 655 3446 et
675 3383 745 3444 boni
766 3385 890 3445 consulo
909 3405 955 3458 ea,
976 3386 1082 3465 quibua
1102 3385 1144 3444 illi
1157 3387 1283 3447 ‘tradere
1365 3385 1373 3399 '

187 3475 307 3535 meliora
326 3495 383 3535 non
403 3487 568 3556 potuerunt.
612 3479 786 3556 Quanquam
801 3477 831 3535 in
840 3477 905 3537 boc
918 3488 1016 3536 nostro
1030 3487 1195 3538 enarratore
1207 3478 1284 3555 inju-

186 3567 230 3626 ria
243 3577 418 3646 temporum,
431 3578 462 3626 et
475 3567 654 3646 quorundam
667 3568 828 3641 temeritas,
844 3569 895 3648 qui
914 3569 945 3627 in
958 3569 1057 3629 alienis
1069 3570 1149 3631 libris
1162 3571 1208 3630 vel
1223 3590 1284 3631 mu·

187 3657 314 3731 tilandis,
325 3659 370 3718 vsl
385 3659 536 3738 augendis,
547 3660 593 3718 vel
607 3679 644 3719 ex
658 3660 837 3720 diversorum
853 3660 977 3740 scriptis,
990 3662 1077 3721 variis
1090 3662 1171 3740 quasi
1185 3673 1284 3722 cento-

186 3751 270 3812 nibus
283 3751 451 3822 sarciendis,
467 3771 582 3810 omnem
595 3751 742 3812 licentiam
757 3751 814 3811 sibi
827 3764 954 3824 sumunt,
969 3753 1126 3812 maximam
1140 3753 1283 3814 sustinere

186 3842 280 3922 culpae
290 3853 403 3923 partem
416 3841 540 3904 videtur.
584 3842 644 3903 Sed
655 3842 684 3902 in
696 3843 753 3902 hoc
766 3863 820 3904 suo
831 3844 953 3924 quisque
962 3844 1073 3920 judicio
1083 3845 1205 3904 fruatur.
1226 3845 1282 3905 Me

187 3933 304 4014 quidem
316 3934 472 4014 Ulpianum
487 3934 594 4012 legisse
608 3954 666 3992 non
678 3935 824 4013 poenituit,
834 3947 955 4015 propter
969 3948 999 3995 et
1011 3936 1145 3996 historias
1158 3936 1283 3996 nonnul·

186 4027 229 4087 las
242 4025 393 4098 indicatas,
409 4038 440 4086 et
451 4027 596 4086 vocabula
609 4027 752 4107 exposita,
769 4023 804 4087 et'
812 4027 962 4088 artificium
976 4028 1072 4088 multis
1086 4029 1115 4089 in
1128 4028 1201 4089 locis
1216 4045 1283 4085 eru·

186 4118 258 4186 dits,
272 4118 326 4203 nisi
339 4117 432 4190 fallor,
456 4119 639 4198 explicatum.
690 4119 724 4177 ln
745 4119 940 4180 convertendo
960 4119 1077 4200 quidem
1100 4135 1221 4197 magnos
1239 4115 1282 4176 la·

185 4211 281 4282 bores,
296 4222 327 4270 et
337 4229 396 4272 non
409 4231 512 4291 parvas
527 4211 672 4271 molestias
683 4230 752 4270 cum
765 4213 904 4292 ceperim,
918 4212 1016 4272 nescio
1029 4221 1136 4279 tamen,
1151 4226 1189 4267 an
1202 4206 1281 4268 sece-

185 4301 240 4362 tim
255 4322 352 4382 operae
365 4303 490 4383 pretium
503 4324 510 4362 :
531 4323 590 4364 non
603 4302 682 4382 quod
696 4303 773 4384 ipsos
787 4304 1008 4365 commentarios
1021 4297 1218 4381 aspernandos
1231 4299 1283 4365 ‹lu-

186 4411 251 4452 cam
266 4393 313 4474 (de
329 4395 433 4475 quibus
452 4394 522 4474 quid
541 4395 674 4468 sentiam,
694 4395 829 4476 exposui)
853 4396 907 4456 sed
927 4395 1007 4479 quod
1030 4391 1113 4450 iniis
1134 4399 1214 4455 tanta
1234 4403 1282 4461 eti

189 4481 340 4547 difficultas
354 4486 512 4568 interpreti,
527 4498 560 4548 ut
573 4486 702 4570 superari
721 4488 801 4546 nulla
813 4487 925 4548 ratione
938 4503 1025 4566 posse
1039 4481 1179 4544 ridentur.
1221 4483 1283 4544 Pri·
