3150 5125
529 392 588 453 AD
609 392 958 456 DEMOSTHENEM.
1205 400 1290 460 ccxxi

70 562 75 567 ·
196 562 240 607 es
253 544 408 605 codicibus
418 546 563 627 impressis
577 570 700 613 roanurc
713 552 826 633 scriptis
839 552 975 633 εΙὶοιιίιιὶ,
993 562 1045 611 aut
1056 572 1116 613 non
1129 555 1244 627 saltem,
1257 564 1292 615 u't

196 636 354 696 istiusmodi
370 638 408 698 de
427 639 612 702 Variantibus
626 644 816 705 Lectionibus
836 644 1108 724 disceptatiunculis
1127 646 1165 705 ad
1179 648 1292 707 calcem

195 729 363 805 rejiciantur
383 731 485 810 operis,
508 746 647 813 exoptst;
671 756 744 796 neve
767 737 803 796 iis
830 736 934 794 Editor
957 755 1024 794 cum
1046 737 1291 797 Annotstionibus

52 830 56 837 '
125 874 140 901 0
195 838 260 897 quae
280 822 319 879 ad
342 824 502 883 Auctorem
525 826 619 903 ipsum
643 830 789 907 pertinent
812 826 1025 900 illustrandum,
1049 830 1219 904 conjunctis,
1244 848 1291 888 re·

195 912 325 990 stinguat
339 914 460 987 animos,
475 936 548 994 quos
562 917 697 979 ardentes
711 920 882 999 acceperit?

235 1004 327 1069 Quod
342 1008 380 1066 ad
395 1007 486 1067 Notas
506 1010 619 1081 attinet,
641 1028 740 1070 earum
761 1030 898 1089 maguam
918 1030 990 1070 sane
1009 1024 1125 1089 partem
1144 1032 1181 1072 ex
1201 1014 1290 1074 Com·

195 1100 344 1159 mentatiis
358 1100 498 1178 descripsi
513 1099 601 1179 longe
615 1103 817 1162 eruditissimis
836 1102 959 1161 Joarrnis
973 1103 1113 1181 Taylori:
1135 1111 1222 1185 cnjm
1232 1126 1290 1185 ege

194 1191 329 1249 laudibus
349 1190 474 1249 libenter
488 1190 640 1270 indulgere
653 1194 750 1265 velim,
765 1193 908 1271 siquidem
930 1191 959 1249 id
978 1204 1031 1251 aut
1044 1194 1175 1253 destinati
1196 1198 1292 1275 operis

195 1282 338 1359 angustiae
364 1292 541 1363 paterentur,
561 1294 612 1342 aut
629 1284 720 1362 ipsius
742 1284 845 1363 utique
866 1282 990 1341 hominis
1011 1284 1291 1364 pervulgatissimum

197 1374 276 1453 epnd
300 1374 429 1433 literatos
457 1392 558 1433 ornnes
585 1376 691 1435 nomen
715 1387 746 1435 et
773 1376 935 1436 celebritas.
978 1379 1200 1451 Aunotationes,
1224 1400 1292 1459 quse

197 1464 313 1525 aliuntle
323 1474 472 1543 petuntur,
487 1465 615 1543 singulus
625 1467 761 1541 (subinde
775 1466 925 1527 brevitatis
939 1486 1029 1526 causa
1041 1469 1072 1527 in
1085 1472 1292 1551 compendium

196 1556 287 1623 aetas)
300 1556 439 1616 Auctoris
452 1556 568 1616 nomine
581 1558 710 1636 signavi:
730 1559 867 1638 plurimas
879 1557 919 1617 de
931 1560 1054 1638 proprio
1063 1580 1142 1641 penu
1155 1563 1291 1642 deprom·

146 1710 148 1715 ,
196 1648 263 1728 psit
283 1648 522 1727 Interpretatloni
537 1647 662 1728 denique
682 1668 783 1709 omnes
797 1649 918 1724 subjeci,
931 1642 1119 1711 Groecarnm
1120 1654 1293 1756 paginarum

197 1740 309 1799 titulis'
301 1740 469 1818 inscriptas:
496 1751 529 1799 ut
548 1758 645 1820 neque
659 1742 753 1821 tyroni
765 1740 885 1801 foveant
901 1741 1119 1820 negligentiam,
1136 1745 1161 1803 si
1179 1755 1293 1806 textum

197 1833 379 1903 comitentur,
394 1850 490 1911 neque
503 1834 623 1893 seorsim
637 1834 730 1914 (quod
751 1833 895 1910 usitatius)
909 1834 1058 1914 relegatis,
1076 1838 1228 1916 negotium
1248 1839 1293 1898 fs·

195 1936 320 1983 cessant.
363 1924 565 2003 Archaeologia
584 1926 614 1999 in
633 1926 678 1985 his
693 1916 917 1987 Commentariis
929 1936 961 1985 et
974 1926 1106 1987 Historia
1118 1929 1234 2007 parcius
1247 1941 1293 1990 at·

195 2016 354 2094 tinguntur,
380 2034 446 2074 cum
471 2016 549 2076 illem
576 2018 694 2097 quidem
718 2019 866 2089 Potterus,
890 2017 968 2077 banc
991 2038 1070 2090 uero,
1090 2033 1232 2098 qnantum
1252 2022 1293 2081 ad
1382 2062 1388 2071 ·

196 2126 294 2167 earum
308 2126 374 2185 quse
387 2106 436 2166 hic
450 2106 614 2168 tractantur
626 2130 723 2170 rerum
736 2108 870 2168 notitiam
883 2108 952 2168 satis
967 2108 1014 2179 sit,
1035 2112 1156 2189 egregie
1169 2112 1292 2173 adorno-

194 2202 236 2259 vit
254 2201 284 2259 in
298 2200 368 2259 Vita
380 2199 506 2278 Philippi
519 2200 669 2262 Lelsndus
687 2213 805 2261 noster:
828 2200 906 2278 quod
924 2219 995 2259 saue
1015 2200 1198 2263 utilissimum
1218 2225 1291 2283 opus

195 2291 303 2351 iterum
321 2310 357 2351 ae
378 2291 496 2369 sepius,
518 2298 565 2351 ms
584 2294 696 2368 judice,
710 2291 847 2363 versabit,
869 2291 996 2370 quisquis
1013 2293 1054 2352 ad
1075 2293 1130 2354 bos
1147 2314 1293 2375 peteme·

199 2381 383 2463 Eloquentius
396 2382 492 2444 fontes
505 2384 561 2443 rite
572 2384 700 2445 imbutus
710 2386 925 2463 instructusque
938 2384 1019 2445 volet
1031 2386 1183 2449 accedere.

391 2685 709 2764 JUVENTUTI
736 2689 1092 2768 ACADEMICAE

520 2963 523 2969 ,
636 2916 854 2980 SALUTEM

237 3099 418 3160 Inuscssrs
432 3097 510 3160 hanc
525 3098 696 3160 orationum
717 3099 824 3160 seriem
840 3117 913 3178 quas
932 3097 1178 3159 Demosthenes'
1170 3119 1200 3156 ιιι
1220 3098 1290 3158 Phi·
1339 3133 1345 3140 ·

196 3173 307 3272 lippum
319 3191 429 3261 habuit,
440 3211 495 3250 nec
503 3193 634 3252 inutilem
642 3192 706 3251 fore
716 3193 862 3261 duximus,
874 3211 931 3250 nec
942 3191 1041 3250 vobis¹
1033 3202 1196 3270 ingratam:
1187 3173 1290 3270 .pr'ae·

198 3285 308 3354 sertim,
327 3303 394 3343 curn
414 3283 639 3363 Philippicarum
662 3283 788 3352 libellus,
810 3283 859 3361 qui
884 3282 1022 3342 Glascnis
1041 3282 1150 3362 prodiit
1167 3301 1227 3342 non
1248 3282 1290 3342 its

197 3375 317 3456 pridem,
338 3395 404 3454 spes
416 3389 525 3436 vestras
543 3396 663 3456 prorsus
681 3359 805 3446 feleflit3
832 3375 944 3434 mendis
960 3395 1070 3459 ‚nempe
1090 3375 1287 3454 compluribus

195 3468 386 3547 inquinatus„
415 3468 554 3528 Codicern
577 3471 785 3530 Mcrelllanum
804 3468 961 3547 precipue,
976 3467 1049 3527 alios
1063 3469 1188 3527 melioris
1200 3480 1289 3542 notes,

197 3578 415 3638 nonnunquam,
429 3562 621 3638 expressimus
635 3583 644 3623 s
672 3562 741 3640 quin
756 3571 786 3620 et
798 3560 901 3620 harum
910 3560 1078 3631 lectionum,
1091 3580 1163 3640 quas
1177 3559 1293 3644 evcodir,

198 3653 280 3715 cibus
299 3652 500 3731 manuscriptis
521 3653 639 3732 collegit
660 3653 824 3728 Motellius,
842 3653 979 3731 pauculus
992 3652 1166 3713 admisimus.
1206 3653 1290 3732 lpsas

183 3744 407 3826 ⁸Orationesco
416 3744 536 3804 tandem
550 3746 649 3805 ordine
662 3745 976 3825 dispositssinvenietis
990 3765 1100 3822 omnes,
1115 3765 1200 3826 quem
1212 3765 1288 3824 prae·

196 3836 288 3896 linivit
302 3837 461 3915 Dionysius
477 3835 716 3896 Halicarnasseus
729 3838 757 3896 in
772 3836 897 3916 epistola
909 3856 963 3896 sua
975 3837 1014 3896 ad
1028 3838 1203 3896 Ammaeum.
1238 3836 1287 3894 In·

196 3928 404 4008 terpretstione
415 3928 532 3996 ¹utimur
543 3929 705 4000 Wolfisna3
731 3948 767 3990 ee
781 3948 849 3988 vero
861 3926 991 4008 plurimis
1005 3928 1038 3986 in
1048 3929 1122 3988 locis
1136 3928 1287 4005 castigate,

158 4045 161 4052 Δ
195 4023 246 4082 ubi
260 4021 389 4080 authoris
404 4039 521 4080 sensnm
533 4032 584 4080 aut
604 4021 699 4081 minus
717 4033 866 4092 accurate,
886 4031 936 4080 aut
953 4040 1105 4100 perperam
1125 4019 1287 4106 reddidisse

194 4115 319 4174 videtur.
361 4113 410 4182 Et,
426 4123 460 4171 ut
472 4113 590 4172 subsidii
603 4113 712 4194 aliquid
726 4124 870 4192 praeteree
882 4113 965 4172 vobis
979 4112 1106 4183 adesset,
1121 4111 1216 4171 Notas
1237 4109 1288 4169 sd·

192 4205 325 4282 jecimus,
344 4223 452 4283 paucas
468 4208 530 4279 jsm
551 4205 675 4282 primum
697 4205 800 4276 editas,
821 4204 958 4283 plurimas
979 4213 1077 4262 sutem
1096 4221 1134 4261 ex
1150 4201 1194 4271 iis,
1213 4219 1285 4279 quas

195 4296 345 4372 prebuere
367 4294 517 4374 Ulpianus,
532 4295 668 4367 Wolfius,
687 4297 861 4376 interpretes
875 4295 983 4354 Gallici
998 4293 1164 4353 Toutellius
1177 4302 1209 4350 et
1222 4292 1286 4352 Oli·

194 4396 288 4456 vetus,
308 4405 423 4446 necnon
441 4386 631 4448 Mountneius
651 4399 758 4460 noster,
777 4388 821 4445 vir
842 4388 933 4447 literis
955 4383 1203 4456 instructissimus,
1225 4386 1286 4464 qui,

195 4493 262 4534 eum
276 4477 353 4556 apud
367 4479 623 4558 Csntsbrigienses
644 4490 842 4542 commoratus
855 4491 909 4555 est,
923 4477 1114 4560 Philippieam
1127 4477 1285 4541 umbonem
