3150 5125
324 392 410 456 eim
428 452 431 461 ,
457 382 459 387 ’
660 388 826 453 Raram
839 384 1069 453 -PaAEFa'rro

325 546 437 620 sanciri,
457 545 744 620 DiocorlpZenonls,
766 545 896 626 depuli,
915 556 948 607 et
964 544 1094 618 aliorum,
1115 562 1134 605 e
1153 543 1261 625 quibus
1279 544 1379 605 multa
1395 544 1429 603 in

326 640 484 719 Ulpianum
496 638 638 701 translata
651 636 811 717 suspicor]
833 639 869 698 ln
888 636 1016 699 Zenonis
1029 634 1068 698 eb
1082 636 1210 718 Ulpiano
1222 636 1338 697 hudeti
1352 636 1429 696 sets·
1545 693 1549 710 ,

325 742 386 792 tem
395 732 512 812 inquirit
522 733 677 819 Chapmm
688 731 756 793 diss.
769 731 808 791 de
816 731 947 811 Ulpiano
958 732 989 810 6.
997 735 1028 791 4.
1039 729 1262 792 collocameum
1271 730 1304 787 in
1313 738 1432 808 tempo·

324 824 403 885 ebus
417 824 530 886 untur
542 826 623 904 sug.
638 825 685 885 ne
700 822 813 884 cestro
826 823 1045 884 commanus
1057 822 1143 883 vere
1160 822 1192 881 u
1213 822 1374 882 nemeen.
1395 831 1427 880 e
1542 799 1548 838 '-

325 917 397 978 elios
410 937 455 997 gr.
468 928 599 979 oratores
611 936 639 977 r.
653 916 753 996 script.
768 916 847 977 Hist.
859 916 942 977 Pnit
952 916 1043 977 Iomii
1052 916 1113 976 111.
1126 920 1155 975 1.
1169 933 1199 995 p.
1209 920 1240 985 4,
1256 920 1287 975 6.
1296 932 1427 993 quocum

325 1008 522 1071 conferendus
535 1009 703 1071 Valktnaer
718 1006 875 1069 Animadv.
889 1009 928 1069 ad
942 1009 1080 1068 Ammon.
1094 1027 1127 1087 p.
1143 1011 1194 1068 96.
1215 1004 1266 1084 qui
1278 1005 1361 1063 illum
1382 1024 1428 1065 re·

325 1100 412 1161 liutet.
445 1101 603 1183 Antipater
614 1101 852 1181 Hierapolitanus
865 1104 905 1176 (r.
920 1100 1007 1161 Febr.
1021 1100 1058 1159 B.
1072 1099 1113 1160 G.
1128 1098 1181 1157 lx.
1194 1118 1223 1177 p
1237 1098 1426 1176 mqonvp-
1558 1123 1560 1174 ρ

326 1198 443 1263 scurolo
452 1218 482 1255 rs
491 1198 560 1276 ἡμῖν
570 1195 639 1281 dqq'sr
650 1196 695 1255 rol
703 1192 934 1266 sorusqsuieodr
946 1191 1097 1273 (leonatis
1106 1201 1138 1252 et
1149 1190 1424 1267 Aristidislhslyoeo.

326 1282 517 1347 Philostratus
530 1288 560 1347 in
575 1288 638 1365 ejus
650 1288 709 1347 vite
720 1306 751 1367 p.
763 1290 835 1348 606.
875 1286 1030 1365 Aspaeium
1050 1284 1197 1344 rhetorem
1210 1293 1425 1343 commemorat
1558 1347 1560 1368 i

328 1376 451 1440 Photius
471 1380 502 1440 in
515 1378 638 1441 erticurlo
650 1380 690 1440 de
704 1376 905 1438 Demosthene
919 1376 996 1437 Bibl.
1016 1396 1046 1435 n.
1066 1380 1138 1437 966.
1151 1374 1268 1435 videtm
1279 1393 1347 1433 esse
1361 1374 1422 1455 ny-

325 1469 564 1551 blins‚Sophista,
574 1470 693 1551 equalis
699 1468 848 1539 Aristidis,
854 1488 883 1529 v.
889 1470 976 1530 Febr.
983 1468 1039 1529 IX.
1047 1487 1077 1549 p.
1083 1470 1145 1532 667
1147 1511 1156 1528 .
1165 1466 1316 1527 nbietelii
1325 1468 1422 1545 Aspe-

326 1562 374 1623 sii·
406 1562 560 1642 Asclepius
576 1560 815 1641 Sophiststbr.
830 1560 882 1619 1v.
896 1580 927 1640 p.
937 1563 1009 1625 479.
1050 1560 1128 1620 coni.
1139 1558 1178 1619 T.
1192 1559 1285 1637 lV.p.
1299 1562 1331 1619 5.
1371 1555 1421 1617 lle

328 1654 486 1714 Genethlio
498 1674 527 1713 r.
542 1652 624 1713 Suid.
640 1652 719 1731 apud
733 1650 820 1715 Febr.
840 1650 897 1711 IX.
910 1672 940 1731 p.
953 1656 1025 1718 706.
1039 1656 1069 1715 9.
1112 1650 1232 1731 Ulpiani
1244 1650 1317 1709 varii
1337 1648 1421 1710 Febr.

327 1743 383 1805 lli.
398 1765 427 1823 p.
442 1750 512 1806 815.
535 1744 656 1823 Apsinae
670 1742 741 1803 varii
752 1744 839 1805 Febr.
847 1742 902 1803 lX.
915 1763 945 1823 p.
958 1749 1031 1807 669.
1063 1744 1262 1821 Hermogenis
1274 1762 1350 1822 opus
1362 1746 1422 1821 περὶ

328 1834 448 1915 μεθόδου
462 1836 621 1909 δεινότητος
631 1854 689 1897 non
700 1837 866 1897 absolutum
872 1837 910 1897 ab
922 1838 997 1916 ipso,
1010 1837 1065 1897 sed
1077 1842 1228 1897 auctorem
1241 1836 1309 1912 ejus
1322 1834 1421 1894 Minu-

328 1926 514 2017 clauumque
529 1926 633 2006 Apsini
645 1918 767 1987 multum
782 1920 902 1997 debere,
915 1927 1006 1993 tradit
1022 1926 1185 1987 Matthaeus
1205 1925 1372 1987 Cameriota
1389 1927 1421 1986 in
1550 1909 1555 1922 ¹

329 2016 513 2099 compendio
537 2018 713 2083 Rhetoricae
733 2039 764 2098 p.
784 2023 835 2081 90.
866 2019 971 2079 Plures
991 2019 1075 2080 fuere
1097 2019 1228 2098 Apsines
1246 2018 1420 2077 rhetores-
1548 2057 1553 2086 2

327 2110 405 2172 forte
425 2121 470 2171 est
489 2110 614 2191 Apsines
634 2102 760 2171 Phoenix
779 2110 1029 2172 Gadarensis-v,
1050 2103 1135 2171 Fab'r.
1155 2110 1210 2171 IV.
1223 2130 1253 2190 p.
1267 2116 1424 2176 469460.
1548 2111 1554 2186 l

331 2202 431 2265 Cruda
443 2204 518 2274 hoee,
532 2216 564 2265 et
580 2203 737 2283 indigesta,
751 2215 785 2264 ut
798 2203 916 2274 videtis,
930 2222 968 2262 ex
988 2202 1170 2275 adversariis,
1182 2212 1216 2262 nt
1228 2202 1300 2263 illue
1317 2204 1422 2263 reurle·

205 2288 207 2293 ’
330 2316 401 2372 rem,
415 2296 529 2381 repetii,
541 2296 701 2369 materiem,
715 2297 745 2358 in
758 2315 816 2384 qua
828 2293 991 2397 ‚digerenda
1001 2295 1112 2378 posteri
1124 2294 1252 2357 editores
1263 2296 1428 2358 elaborent
1558 2325 1559 2336 κ

731 2510 860 2623 succ
882 2554 989 2623 xw.

332 2703 379 2800 ρο
400 2705 542 2771 Codicidut
565 2714 756 2793 nonacriprn
776 2713 980 2786 Demosthenis,
1000 2715 1098 2792 quito
1116 2711 1269 2792 superiores
1293 2712 1339 2769 ssi
1358 2719 1428 2793 sest
1546 2751 1559 2762 ι

817 2807 941 2867 editores.

371 2951 478 3016 Varro
489 2975 567 3018 nnnc
576 2959 614 3019 ed
627 2961 743 3024 codices
758 2959 872 3020 calamo
882 2970 1026 3032 exaratos,
1041 2959 1145 3038 quibus
1159 2968 1210 3019 ant
1223 2957 1272 3019 elil
1283 2955 1320 3016 sd
1329 2956 1422 3017 eden·

250 3087 252 3092 ,
332 3043 401 3102 dum
415 3057 446 3105 et
460 3050 674 3112 emendandum
684 3051 928 3132 Demosthenem,
941 3065 992 3113 eut
1005 3072 1062 3131 ego
1074 3053 1105 3112 in
1123 3052 1181 3112 hac
1195 3050 1350 3112 condenda
1362 3050 1426 3110 edi·-

210 3166 216 3182 .
331 3131 411 3193 tione
425 3155 493 3198 usus
506 3159 580 3212 sum,
595 3153 645 3200 aut
658 3161 780 3221 qnorum
791 3141 890 3204 ednos
903 3145 1035 3223 pervenit
1048 3143 1161 3204 notitia.

358 3269 360 3273 ,
374 3226 487 3292 eunus
507 3249 524 3290 e
546 3231 697 3294 codicibus
711 3233 807 3293 Aldus
820 3253 904 3295 sunm
917 3235 1149 3296 Demosthenem
1166 3233 1302 3306 ediderit,
1314 3219 1423 3314 primus

333 3315 477 3379 editorum
487 3321 626 3396 omniurn,
640 3323 719 3385 haud
732 3336 867 3397 constet3
886 3346 1013 3387 unumne
1026 3332 1144 3387 secutus
1158 3325 1338 3406 exemplum,
1353 3345 1391 3383 an
1403 3343 1422 3383 e

332 3407 460 3486 pluribus
481 3413 623 3494 delegerit
640 3416 801 3478 lectionem
821 3419 896 3479 locis
915 3420 1076 3499 quibusque
1095 3419 1256 3490 meliorem,
1277 3437 1344 3496 qne
1355 3416 1421 3487 sthi,

332 3510 384 3559 sut
402 3502 641 3581 Certeromaeho,
657 3509 812 3583 rideretur,
835 3521 866 3571 et
887 3530 1013 3590 qnonem
1032 3511 1074 3570 illi
1092 3512 1212 3573 codices
1231 3508 1423 3578 devenerint3

209 3667 211 3674 Α
332 3596 476 3672 supersint
487 3599 594 3674 adhuc,
608 3621 645 3662 sn
659 3601 808 3682 perierint.
848 3603 961 3670 Quodsi
974 3623 1050 3664 unus
1063 3603 1119 3663 tuit
1132 3603 1240 3672 codes,
1259 3619 1350 3681 equo
1364 3599 1423 3659 De·
1558 3668 1559 3675 ἵ

239 3758 243 3765 ⁴
332 3688 501 3750 mosthenes
510 3691 642 3772 primitus
656 3705 702 3756 est
714 3696 753 3755 ab
767 3693 847 3755 Aldo
857 3696 963 3769 editus,
976 3714 1035 3755 non
1048 3713 1087 3755 ex
1098 3695 1220 3774 optimis,
1233 3693 1395 3773 sed‘neqne
1405 3711 1434 3772 e·

331 3779 466 3856 pessimis
479 3781 544 3856 fuit,
555 3787 609 3846 sed
623 3805 641 3847 e
655 3805 765 3867 genere
774 3785 886 3858 medio.
928 3787 1035 3847 Tribus
1055 3805 1089 3847 se
1103 3786 1252 3846 codicibus
1266 3785 1296 3848 iu
1309 3785 1422 3846 univer·

332 3887 397 3930 sum
408 3872 499 3935 fuisse
508 3894 593 3936 neum
604 3889 728 3940 testatur
739 3879 833 3938 Aldus
845 3879 874 3937 in
884 3879 993 3950 indice,
1008 3879 1076 3939 loco
1088 3899 1137 3950 eo,
1148 3895 1235 3957 quem
1248 3894 1338 3954 supra
1347 3887 1422 3936 attu-

332 3959 428 4025 limus.
470 3967 540 4030 Non
552 3971 650 4050 megis'
658 3971 776 4043 seimus,
789 3971 907 4049 quinam
920 3971 1029 4031 fuerint
1041 3969 1169 4041 codices,
1183 3968 1287 4054 quibus
1298 3982 1367 4032 neus
1377 3978 1423 4026 est

334 4053 504 4134 Felicienus‚
517 4075 590 4143 quot
610 4081 740 4136 numero,
755 4063 834 4122 unde
847 4065 945 4136 sumti,
958 4083 1017 4141 quo
1031 4061 1131 4123 delati.
1172 4061 1294 4122 Certum
1307 4059 1364 4118 hoc
1377 4068 1423 4119 est

332 4150 438 4212 multas
451 4153 543 4216 bonae
562 4155 702 4217 lectiones
715 4155 795 4214 illine
814 4155 932 4234 petitas.
944 4154 1051 4214 multos
1066 4153 1148 4213 locos
1166 4152 1196 4210 in
1211 4151 1322 4211 Aldina
1340 4151 1423 4209 lebo-

331 4254 430 4304 rantes
444 4245 515 4305 vitio
527 4257 645 4306 sanatos
660 4265 724 4306 esse
736 4245 868 4306 feliciter.
910 4245 1003 4304 Paulo
1023 4255 1093 4304 ente
1106 4241 1282 4303 Felicionem
1293 4241 1424 4301 criticum

333 4331 588 4398 Demosthenicum
611 4337 742 4398 exercuit
759 4336 802 4397 lo.
824 4337 999 4417 Obsopoens,
1018 4355 1077 4396 non
1095 4333 1260 4404 infeliciter,
1274 4334 1363 4393 homo
1380 4333 1423 4392 in-

334 4423 469 4498 dustrius,
492 4430 613 4490 edendis
634 4429 758 4508 Polybio
774 4438 804 4488 et
826 4429 992 4489 Heliodoro
1011 4428 1125 4488 erotico
1145 4426 1183 4486 de
1203 4425 1295 4501 literis
1313 4425 1424 4504 optime
1553 4408 1559 4453 ³

332 4517 461 4591 meritus,
483 4523 536 4582 sed
558 4523 675 4602 ingenio
696 4520 799 4583 critico
818 4541 877 4582 non
898 4521 969 4583 satis
988 4521 1155 4581 inermem.
1176 4532 1352 4596 quamquem
1373 4517 1423 4585 illo
