3150 5125
298 376 378 439 uxo
624 356 1058 445 'u1snouru1wossu

562 631 895 711 HlERONYMl
921 633 1126 713 WOLFlI

237 896 239 904 Ι
336 804 540 867 semotus
554 808 1355 893 uumusmmeuffmumsn

586 941 621 1001 ln
635 944 728 1001 ovio:
741 943 867 1001 lectiones
882 940 1103 1000 Demosthenen:

772 1046 918 1127 Prosols'o.

341 1168 550 1234 lusrrruruu
573 1184 665 1245 tuum,
687 1174 747 1235 siro
767 1176 847 1239 bono
865 1186 897 1237 et
908 1174 1005 1247 docto,
1023 1183 1057 1235 et
1074 1184 1128 1235 tuo
1150 1190 1268 1251 quoqne
1283 1189 1394 1251 cogno·

299 1258 375 1321 mine
390 1262 508 1343 dignum
523 1266 616 1345 (quod
629 1271 706 1347 rupti
722 1267 752 1327 ri
765 1268 926 1329 ἐπισκοτεῖν
938 1265 1002 1327 lieri
1020 1265 1092 1342 scis)
1104 1284 1165 1327 non
1185 1262 1273 1325 :nodo
1286 1264 1394 1325 nultos

300 1364 330 1415 et
344 1354 513 1435 magnificos
534 1368 667 1421 sutores:
690 1359 746 1421 sed
766 1370 798 1421 et
818 1371 920 1423 ornete
933 1371 966 1421 et
979 1358 1144 1433 emouere,
1162 1377 1232 1421 cun:
1250 1356 1395 1421 meurs&

299 1443 453 1519 indicibus.
472 1449 594 1511 eosdem
608 1450 638 1509 in
657 1451 805 1531 publicum
822 1452 940 1525 edendi,
952 1470 1134 1530 magnopere
1151 1452 1262 1531 probo:
1283 1450 1395 1530 otique

300 1548 331 1597 et
350 1537 529 1603 fructuosum
552 1552 583 1605 et
602 1542 681 1605 leudi
703 1544 891 1625 sempiternes
912 1542 977 1605 sore
999 1542 1127 1605 conlido.
1165 1543 1246 1604 luter
1267 1561 1342 1623 qnos
1363 1551 1395 1605 el

226 1690 228 1695 .
302 1626 564 1693 Demosthenicum
584 1634 738 1717 hocopus,
751 1646 873 1719 propter
884 1654 1028 1697 summm
1042 1634 1192 1715 uniusque
1210 1634 1332 1697 orstoris
1344 1654 1396 1695 sn·

202 1782 208 1795 k
302 1719 457 1795 toritatem,
481 1744 541 1785 nou
561 1737 726 1805 postrenus
745 1748 811 1793 esse
830 1729 967 1800 hturrm,
982 1737 1211 1789 conaeclrueum
1231 1737 1286 1789 est-
1325 1729 1396 1795 Quo

300 1808 439 1875 libentius
454 1815 542 1879 etium
555 1828 645 1879 rectus
657 1819 798 1883 voluntati
811 1830 881 1892 tue.
894 1831 925 1881 et
937 1820 979 1879 D.
992 1817 1144 1881 'lireodosi
1156 1818 1302 1901 Zvingeri
1314 1838 1396 1881 seer·

299 1904 372 1969 rimo
389 1908 510 1987 judicio,
533 1910 713 1993 perlegendo
733 1925 766 1991 et
785 1912 967 1977 conserendo
980 1924 1012 1975 et
1031 1912 1219 1994 excerpendo
1232 1911 1396 1975 Lutecisno

302 2000 516 2071 Demosthene,
530 1994 643 2065 'rnorem
663 2006 751 2087 gessi,
767 2006 898 2087 qusnsr'u
911 2016 943 2067 et
962 2005 1113 2087 perpetuis
1130 2004 1280 2067 laboribus
1291 2003 1397 2078 susos,

301 2105 333 2157 et
345 2093 430 2157 seriis
450 2094 558 2157 morbis
570 2116 655 2177 pene
670 2098 835 2163 omfectru.
875 2098 925 2161 Ao
939 2098 1021 2181 quod
1033 2096 1191 2177 Ulpicnusn
1203 2096 1314 2169 uiuet
1327 2096 1398 2159 Mo·

301 2186 389 2249 relius
409 2206 468 2247 non
485 2188 591 2251 melem
612 2191 728 2261 usserit
740 2210 873 2273 opernm,
893 2208 1018 2273 eumque
1032 2189 1116 2252 uobis
1136 2200 1168 2272 et
1188 2188 1347 2249 meliorem
1365 2198 1399 2250 et

303 2280 393 2363 paulo
407 2280 612 2343 correcu'orero
631 2282 781 2347 exhibuit:
806 2286 891 2365 cuju
911 2282 1074 2347 editionem
1091 2282 1124 2343 in
1142 2278 1332 2361 exprimendo
1348 2298 1398 2341 se·

190 2370 195 2383 “
304 2371 401 2453 queris
413 2371 532 2433 licebit:
554 2374 733 2453 conjecturis
744 2386 844 2437 nmen
856 2376 945 2439 etism
958 2375 1064 2438 nostris
1075 2374 1111 2455 (si
1123 2371 1279 2451 ridebitur)
1291 2371 1399 2435 elenu

302 2462 450 2523 sdhiuius.
493 2463 613 2523 Scholia
625 2485 752 2547 quoque,
767 2468 822 2529 etsi
835 2470 976 2551 plersque
989 2490 1050 2531 non
1063 2467 1160 2549 magni
1176 2465 1323 2534 monenti.
1336 2462 1417 2546 qui·-

303 2556 358 2618 bus
373 2554 460 2634 louge
474 2555 557 2638 plere
575 2556 717 2636 (fortsuis
739 2572 770 2624 et
787 2562 920 2640 meliors)
932 2581 950 2622 e
963 2558 1196 2642 Lexioogreplsis
1215 2556 1314 2638 colligi
1331 2577 1399 2638 pos·

299 2661 373 2720 sent,
395 2650 530 2730 equidem
545 2671 603 2714 non
624 2654 743 2731 rejicio:
766 2675 870 2716 vereor
891 2667 1000 2725 temen,
1020 2673 1060 2712 ne
1072 2653 1124 2730 qui
1142 2671 1189 2711 nse
1210 2652 1334 2723 rideeot,
1348 2651 1397 2734 qni

300 2743 461 2806 istiusmodi
484 2749 725 2827 imola-sipara
745 2747 935 2808 conversione
955 2763 1023 2805 ines
1045 2742 1182 2822 Quos
1202 2741 1275 2801 sim:
1301 2761 1396 2824 eoque

276 2832 281 2840 ’
303 2838 407 2920 nugis,
427 2839 506 2918 quod
526 2840 556 2900 iu
571 2839 770 2900 declaratione
788 2839 953 2906 verborum,
975 2854 1042 2896 cum
1062 2833 1215 2914 utriunque
1234 2832 1355 2912 lngule,
1368 2835 1400 2894 in

304 2928 498 3008 etymologiis,
520 2929 756 2997 derivationibus,
778 2924 1048 3007 significationibus,
1062 2925 1094 2984 in
1111 2922 1264 2996 enodetis,
1276 2944 1401 3006 synony-

305 3021 370 3090 mis,
385 3018 547 3090 contrariis,
563 3017 838 3089 constructionibus,
852 3019 883 3078 in
899 3018 964 3079 nliis
977 3016 1184 3100 compluribus,
1199 3015 1315 3078 diverse
1327 3018 1401 3078 rstio

304 3112 355 3172 sit:
370 3109 487 3189 ineptior
500 3121 532 3170 et
544 3129 630 3187 nugoe
645 3110 745 3170 iusnes
758 3110 842 3172 sileri
858 3112 909 3172 six
921 3122 1053 3191 possunt
1093 3109 1172 3172 Nem
1185 3109 1292 3174 emo·
1304 3130 1345 3172 ex
1358 3111 1401 3172 el·

261 3283 264 3288 Ι
304 3216 368 3266 tero
381 3205 471 3266 lutere
487 3203 553 3274 sits,
567 3201 681 3264 Latinis
698 3204 871 3277 admiscoee,
891 3204 1022 3286 quemvis
1035 3224 1121 3288 esque
1139 3204 1282 3283 ineptum,
1301 3215 1399 3266 umen

305 3298 413 3362 alicubi
427 3297 518 3360 vitare
529 3315 589 3358 non
603 3296 703 3360 licuit:
725 3298 807 3378 quod
819 3298 1001 3360 Scholiastes
1013 3298 1079 3368 iste,
1100 3296 1228 3376 quisquis
1240 3295 1307 3368 suit,
1321 3316 1400 3380 sepe

306 3392 425 3454 nimius:
446 3390 554 3456 diffisos
578 3391 720 3454 lectonsn:
740 3392 874 3472 ingeniis,
895 3391 1100 3454 elementsrios
1120 3409 1227 3470 pueros
1251 3389 1401 3452 docendos

307 3481 403 3565 potius
421 3483 585 3563 suscepisse
599 3483 724 3558 videtur,
744 3505 832 3565 quun:
852 3483 1029 3563 eloquentie
1049 3480 1288 3544 Demosthenicoe
1304 3483 1402 3543 cendi·

308 3581 403 3644 dstos.
446 3577 508 3640 Sed
522 3587 587 3638 uuit
599 3577 645 3650 sit,
660 3597 717 3659 eqo
730 3577 800 3638 nihil
813 3577 851 3640 eb
862 3577 923 3638 ullo
936 3577 1049 3638 editum
1058 3576 1088 3636 in
1101 3575 1159 3638 hcc
1171 3594 1272 3654 opere,
1285 3585 1403 3656 prseter-

307 3673 351 3734 ire
365 3669 462 3732 volui:
491 3689 557 3732 cum
575 3691 634 3732 non
648 3670 791 3751 ignorem,
807 3690 853 3743 es,
866 3690 931 3750 quse
945 3669 1075 3752 plerique
1089 3668 1168 3728 docti
1180 3667 1233 3728 siri
1246 3687 1300 3748 pso
1312 3667 1402 3730 nihilo

309 3767 432 3836 ducunt,
452 3783 473 3836 e
487 3763 611 3844 quodem
630 3783 688 3824 nou
708 3774 863 3844 postremae
877 3773 956 3824 notre
968 3763 1132 3842 professore
1146 3779 1253 3839 magno
1273 3780 1342 3822 com
1354 3780 1402 3824 su·

308 3857 428 3942 percilio
449 3867 479 3918 et
504 3857 695 3918 ostentstione
718 3857 868 3938 exquisite
888 3855 1048 3934 diligentis:
1071 3864 1161 3934 etque
1184 3853 1324 3914 doctrine
1347 3873 1402 3934 pro

309 3961 449 4038 suggesto
469 3949 558 4012 liuere
578 3952 742 4022 decantate,
756 3950 803 4010 vel
816 3949 968 4029 deplorate
985 3946 1081 4028 potius
1097 3965 1133 4008 ec
1154 3946 1287 4018 eietrsts,
1301 3956 1334 4004 ut
1348 3944 1406 4005 fuit

308 4045 440 4129 ἐμπαθὴς
461 4044 509 4102 ille
523 4043 680 4104 homuncio
693 4052 723 4102 et
735 4042 864 4120 quemvis
883 4059 959 4119 pene
977 4039 1141 4110 edentulus,
1160 4037 1403 4108 mordncissirnus,

311 4141 385 4203 etin
398 4138 503 4202 cenius
516 4134 733 4214 leonumque
753 4133 838 4193 nimis
858 4131 1021 4210 petulanter
1032 4131 1104 4190 etin
1122 4150 1172 4190 me
1190 4140 1221 4190 et
1237 4130 1269 4189 in
1288 4130 1360 4189 elios
1372 4141 1404 4189 et

312 4255 360 4295 nse
377 4244 457 4295 etue
470 4232 559 4310 longe
577 4228 724 4289 doctiores
738 4235 769 4284 et
782 4225 919 4285 clariores
935 4223 1011 4284 siros
1032 4224 1165 4285 insectus
1185 4225 1246 4298 est)
1259 4221 1404 4282 exercite·

312 4327 448 4398 tissimus,
462 4335 502 4398 et,
517 4343 584 4385 cum
599 4321 696 4401 lippus
710 4328 799 4386 esset,
818 4319 849 4375 in
866 4316 1075 4395 perspiciendis
1089 4315 1217 4377 omnium
1229 4313 1405 4391 scriptorum

315 4419 458 4480 euntibus
472 4439 508 4480 sc
522 4417 596 4477 vitiis
610 4411 801 4476 acutissimus.
841 4410 899 4476 Qui
918 4410 1037 4490 quidem
1050 4420 1130 4470 recte
1146 4407 1202 4468 sibi
1220 4404 1307 4476 ecrit,
1324 4405 1405 4482 qnod

315 4511 386 4574 nihi
396 4511 425 4570 in
438 4511 586 4589 pubiicum
600 4505 707 4570 edidit:
719 4511 758 4584 psi
769 4527 795 4564 rr
806 4499 885 4586 πάθῃ
899 4506 930 4563 τό
944 4504 965 4561 κ’
982 4504 1064 4582 ἔρεξε·
1079 4501 1140 4574 δίκη
1152 4503 1174 4560 r'
1188 4497 1264 4561 licia
1279 4502 1406 4574 γένηται.
