3150 5125
300 401 384 465 lanei
648 446 650 451 -
711 395 950 464 ermom
1041 388 1054 456 ².

345 557 420 616 Eum
441 566 473 613 ιιι
493 554 532 613 ad
546 552 784 634 Te'potissimum
798 553 954 627 deferrem,
967 548 1022 615 Vn
1038 542 1237 619 Nobilissime',
1256 544 1342 609 nobis
1354 545 1411 607 fe·

302 646 440 707 licissime
462 646 559 717 cessit,
577 648 657 725 quod
670 666 729 707 nou
749 668 816 709 mea
828 670 876 709 me
889 648 983 727 magis
994 646 1128 706 voluntas
1147 642 1291 712 incitaret,
1309 657 1407 719 quam

302 738 602 817 admoneretpublica
613 740 741 799 omnium
752 741 942 820 exspectatio.
982 735 1192 815 efflagitarunt,
1205 735 1412 814 inqm2P⁰⁴

305 830 418 909 pulares
432 830 499 901 Tui,
512 841 546 889 ut
558 831 689 909 prodiret
707 832 760 891 iste
772 844 867 893 orator
877 832 944 899 Tuo
953 830 1065 891 numini
1078 824 1409 904 consecrams‚·eodem
1462 858 1472 871 ·

305 920 413 991 auimo,
426 939 485 999 quo
496 922 636 993 sentiunt,
658 922 762 983 eodem
783 944 844 996 ore,
866 942 925 1003 quo
940 921 1119 1003 profitentur,
1134 920 1181 979 Te
1201 920 1288 979 unice
1301 928 1409 978 uatnns

306 1031 371 1075 asse
384 1012 423 1073 ad
437 1032 503 1072 eum
513 1012 639 1073 feliciter
651 1014 830 1075 imitandum.
857 1016 1032 1086 Voluerunt,
1041 1023 1074 1071 ut
1085 1022 1174 1082 esset,
1186 1012 1284 1089 aliqua
1296 1010 1408 1069 saltem

306 1198 393 1261 nibus
406 1197 441 1257 iis
455 1198 618 1267 virtutibus,
633 1216 700 1276 quoe
716 1199 832 1258 civilem
852 1199 996 1259 hominem
1010 1196 1128 1266 decent,
1148 1212 1236 1274 quem
1250 1192 1344 1271 grat'ur
1356 1190 1408 1251 ‹ti-

308 1288 404 1363 cendi,
414 1289 603 1351 consiliorum
621 1290 774 1369 gravitate,
787 1290 948 1353 incredibili
964 1287 1064 1351 studio
1076 1286 1150 1367 reip.
1170 1296 1202 1349 et
1213 1304 1324 1367 genere
1337 1300 1407 1345 ora-

309 1383 407 1454 tionis,
421 1394 516 1443 totum
530 1381 676 1443 effinxisti.

349 1474 478 1534 Proinde
490 1474 594 1533 merito
607 1472 781 1552 gaudebam,
796 1496 864 1538 eum
877 1478 1003 1538 maxime
1017 1496 1056 1539 ex
1070 1474 1149 1537 omni
1168 1471 1343 1555 antiquitate
1362 1468 1403 1531 ad

306 1566 384 1627 hanc
406 1577 534 1625 nostram
558 1574 685 1638 oetatem',
708 1588 862 1648 meamque
886 1588 1006 1649 operam
1027 1568 1168 1629 reservari
1187 1564 1408 1645 expoliendum.

312 1658 404 1733 Cujus
418 1654 572 1735 evulgandi
594 1658 668 1718 ratio
689 1670 750 1719 tam
770 1661 916 1741 propriam
930 1660 998 1721 Tibi
1016 1670 1046 1721 et
1063 1658 1241 1739 peculiarem
1262 1657 1338 1717 hauc
1351 1675 1406 1715 no·

310 1758 398 1809 stram
412 1746 658 1825 nuncupationem
671 1748 754 1823 fecit,
767 1772 855 1830 quam
870 1752 996 1812 diuturni
1009 1750 1147 1855 temporie
1160 1769 1229 1834 usus
1243 1745 1407 1810 istiusmodi

311 1836 578 1903 commendationes
588 1838 634 1897 vel
651 1860 821 1905 communes
832 1842 935 1912 reddit,
950 1842 997 1901 vel
1009 1842 1192 1921 suspiciosas.
1233 1840 1313 1901 Nihil
1328 1839 1408 1899 enim

311 1927 509 2002 assentationi,
523 1930 593 1989 nihil
605 1933 809 1995 consuetudini
822 1934 944 1994 datum'
936 1933 970 1991 iri
983 1934 1078 1993 sensi·
1099 1933 1170 1993 nihil
1184 1931 1221 1992 de
1236 1932 1303 1993 Te
1295 1942 1337 1991 tta
1349 1926 1409 1990 dici

313 2042 410 2105 posse,
423 2033 457 2081 ut
470 2023 547 2084 idem
566 2022 636 2087 illud
651 2025 689 2085 de
710 2025 777 2097 alio,
792 2026 859 2091 rel
852 2045 882 2085 ιιι
895 2026 962 2096 hac,
978 2025 1051 2085 rel
1042 2046 1073 2084 ιιι
1090 2025 1179 2104 longa
1192 2027 1335 2103 majorum
1348 2038 1409 2081 me·

314 2114 416 2187 moria,
432 2114 490 2175 diei
503 2116 632 2193 potuisse
641 2116 804 2179 rideretur:
825 2127 940 2181 tantum
949 2128 1049 2181 autem
1062 2136 1081 2176 a
1094 2135 1140 2177 me
1155 2128 1328 2195 exspectare
1337 2130 1411 2173 ora·

313 2206 399 2267 ιίοιιίι
413 2208 627 2279 necessitatem,
641 2220 781 2291 quantum
801 2210 838 2273 ab
852 2208 914 2275 aliis
930 2210 1005 2275 solet
1019 2208 1065 2273 vel
1083 2208 1268 2271 emendicare
1280 2206 1412 2278 fortuna,

315 2311 348 2363 et
361 2300 523 2380 exprimere
537 2301 676 2363 adulatio.

356 2391 553 2469 Praeterquam
568 2412 647 2464 vero,
662 2393 742 2472 quod
756 2398 888 2459 omnibus
906 2408 1008 2459 notum
1022 2397 1070 2469 sit,
1083 2396 1186 2477 quide
1198 2395 1320 2473 hujusce
1333 2409 1408 2470 gen·

315 2480 353 2541 tie
366 2480 500 2542 laudibus
514 2481 623 2562 aliquid
636 2497 751 2557 norunt,
765 2499 907 2565 quantum
921 2490 1129 2551 nobilissimum
1145 2488 1225 2547 bunc
1236 2485 1411 2565 scriptorem

318 2592 381 2656 prae
396 2573 510 2634 cacteris
526 2575 656 2658 antiquae
671 2577 841 2640 eruditionis
860 2591 891 2641 et
911 2567 1085 2659 eloquentiae
1098 2579 1264 2639 auctoribus
1277 2574 1411 2645 didicisti,

320 2665 406 2726 nobis
426 2663 457 2724 id
475 2665 563 2726 etiam
582 2667 716 2746 privatim
733 2671 899 2742 innotescit,
914 2682 1026 2730 tantum
1040 2689 1107 2729 eum
1120 2669 1187 2728 Tibi
1200 2671 1316 2730 adferre
1328 2667 1410 2727 volu·

320 2757 445 2839 ptatisin
457 2758 627 2831 evolvendo,
638 2773 776 2839 quantum
784 2763 903 2841 publice
913 2760 1051 2820 adtulerit
1059 2755 1171 2818 fructus
1181 2760 1219 2818 ad
1229 2759 1412 2818 imitandum.

321 2852 445 2918 Quoties
460 2849 506 2911 Te
525 2847 621 2910 audivi
642 2853 750 2930 (audivi
770 2864 867 2910 autern
888 2850 1104 2928 saepenumero)
1117 2849 1283 2909 memoriter
1296 2868 1333 2909 ea
1344 2851 1412 2910 loca

320 2941 477 3012 adducere,
490 2952 576 3020 prout
594 2942 734 3000 sermonis
755 2941 844 2998 nostri
864 2941 939 3001 ratio
959 2941 1135 3020 postulabat,
1149 2961 1215 3019 quae
1235 2941 1284 3002 ille
1299 2942 1345 3001 vel
1366 2963 1412 3002 sa·

318 3035 433 3112 pienter
447 3033 476 3091 in
490 3051 573 3098 usum
590 3035 706 3090 suoruin
720 3031 825 3091 civium
838 3031 1007 3104 elaborarit,
1021 3033 1069 3094 vel
1087 3033 1243 3112 magnifice
1259 3033 1298 3095 ad
1315 3045 1413 3113 poste-

321 3141 421 3183 rorum
435 3121 665 3190 admirationem,
680 3122 767 3183 totics
781 3123 827 3183 Te
840 3124 957 3184 memini
971 3136 1053 3184 tanta
1063 3144 1129 3185 cum
1142 3126 1247 3204 grstia,
1262 3137 1343 3186 tanta
1355 3126 1413 3185 oris

321 3215 475 3284 suavitate,
490 3225 551 3274 tam
564 3213 714 3294 eleganter
728 3234 764 3275 ea
775 3216 907 3287 recitare,
917 3236 1005 3297 quam
1018 3216 1067 3275 ille
1080 3217 1224 3297 scripserit
1237 3216 1374 3278 feliciter.

326 3319 329 3326 '
361 3307 429 3367 Jam
441 3323 512 3367 vero
527 3305 612 3386 quale
626 3305 764 3378 cst-illud,
779 3327 839 3368 non
853 3310 945 3369 solnm
958 3307 1054 3369 studio
1068 3319 1098 3369 ot
1111 3310 1228 3370 assiduo
1241 3311 1343 3371 labore
1356 3305 1414 3369 effi·

323 3419 403 3470 cere,
422 3410 455 3459 ut
467 3399 514 3457 hee
527 3409 605 3458 artes
618 3409 716 3458 essent
728 3399 758 3459 in
773 3401 820 3462 Te
830 3419 959 3472 summae,
975 3420 1076 3460 rerum
1090 3402 1176 3462 etiam
1188 3403 1282 3480 gratia
1296 3411 1327 3462 et
1338 3421 1415 3481 prm·

323 3491 407 3562 sidio,
422 3483 549 3570 utapud
567 3491 639 3551 alios
652 3491 867 3570 quodammodo
880 3504 979 3554 essent
992 3500 1158 3574 perpetrat
1179 3495 1256 3553 Nam
1270 3513 1337 3554 cum
1351 3511 1413 3552 ora·

326 3598 420 3647 torem
434 3585 512 3646 hune
523 3596 654 3646 nostrum
668 3586 889 3647 emaculandum
901 3587 933 3645 in
945 3607 994 3647 me
1008 3587 1178 3666 receperim,
1194 3587 1302 3666 (recepi
1316 3597 1414 3646 autem

325 3679 491 3758 diligenter,
502 3697 567 3738 cum
578 3677 651 3738 tanti
665 3679 790 3740 auctoris
805 3679 986 3750 celebritate,
996 3690 1058 3738 tum
1073 3679 1130 3738 Tui
1143 3677 1267 3738 nominis
1276 3677 1414 3756 religione

328 3791 387 3831 non
401 3769 588 3830 mediocriter
599 3771 760 3850 permotus)
773 3771 873 3832 nihils
886 3771 931 3831 Te
944 3791 1005 3831 non
1017 3781 1062 3830 est
1074 3771 1265 3841 elaboratum,
1275 3781 1306 3830 ut
1319 3769 1415 3849 prodi·

326 3875 374 3924 ret
393 3874 455 3923 tum
476 3862 664 3934 ornatissime,
679 3873 741 3922 tum
762 3865 848 3924 otiam
867 3862 1113 3924 emendatissime.
1153 3861 1283 3922 Proinde
1300 3861 1417 3920 Dauo·

332 3959 489 4017 ιτιιιιιιιιι
504 3954 600 4014 Tuum
611 3954 689 4014 omni
700 3954 861 4015 officiorum
873 3954 1138 4032 beneficiorumque
1152 3973 1262 4033 genere
1274 3951 1419 4013 demereri

328 4049 429 4118 velles,
440 4057 471 4107 et
484 4056 517 4106 ut
529 4055 640 4105 tantum
653 4050 713 4125 jam
727 4046 805 4106 foret
817 4047 848 4106 in
861 4044 982 4105 oonsilio
995 4055 1048 4103 tuo
1058 4044 1266 4117 sollicitudinis,
1275 4055 1416 4124 quesitum

327 4143 395 4204 olim
406 4139 508 4202 eratin
523 4141 655 4219 exemplo
669 4139 860 4200 auctoritatis.
903 4137 971 4196 Non
984 4136 1014 4195 in
1026 4137 1226 4198 adumbrantia
1236 4137 1331 4218 operis
1350 4137 1417 4196 ima·

328 4233 406 4314 gine,
417 4233 476 4294 non
489 4233 520 4292 in
534 4233 680 4292 ordinibus
693 4227 881 4310 disponendis
902 4239 991 4308 atque
1003 4229 1186 4300 edomandis,
1206 4229 1302 4290 Tuum
1316 4230 1418 4290 deerat

327 4327 454 4386 studium
469 4336 520 4385 aut
533 4324 692 4404 diligentia,
706 4343 764 4382 non
786 4318 913 4380 hortatio
927 4321 1015 4380 adea
1031 4321 1096 4380 loca
1107 4320 1232 4401 penitius
1248 4321 1417 4392 recolenda,

327 4417 379 4475 ubi
389 4417 547 4477 desiderari
556 4417 704 4477 rideretur
718 4413 852 4493 quadam
862 4411 949 4494 animi
959 4412 1090 4484 intentio,
1102 4433 1162 4473 non
1174 4414 1204 4472 in
1217 4415 1253 4474 iis
1263 4433 1322 4476 una
1334 4432 1418 4476 rece·

328 4507 422 4572 leodis
434 4508 552 4575 solertia
572 4520 603 4568 et
622 4503 790 4570 auctoritas.
832 4504 929 4566 Nemo
949 4503 1071 4588 eratrel
1091 4506 1271 4587 supellectile
1293 4506 1418 4577 toruis.
