3150 5125
322 404 421 467 cass
661 398 823 464 aarsnu
846 349 1094 489 caesario*
1129 371 1135 377 ‘

324 558 429 618 slienoe
442 556 510 617 fidei
521 556 717 617 committere.
758 556 907 636 Quicquid
920 569 967 618 est
980 554 1149 635 grandibus,
1158 549 1425 633 pulcherrimisque

324 651 447 711 ellectu
460 651 629 731 planissimis
642 650 733 710 literis
748 664 794 715 est
808 662 885 712 totus
899 662 1044 710 exaratus.
1057 646 1201 726 nisiquod
1220 658 1422 706 stramenmns

323 742 495 822 plemmque
505 742 643 802 flavescit.
652 762 711 821 quo
721 744 754 802 lit
766 754 799 802 ut
812 744 851 803 ad
864 743 1013 803 lucernam
1023 741 1132 819 legenti
1145 740 1216 800 nihil
1230 741 1420 818 perspicuum
1471 739 1474 754 '

322 846 471 913 appareat.
517 834 564 893 De
585 854 670 894 sensu
694 836 817 914 quisque
838 854 892 895 suo
912 836 1031 914 quidem
1054 832 1137 892 testis
1161 841 1206 891 est
1228 833 1419 892 certissimus.

323 925 398 1003 Ego,
411 927 460 1005 qui
474 944 574 1005 parum
587 924 684 985 oculis
691 928 813 998 valeam,
829 938 859 987 et
874 929 975 987 nescio
986 946 1025 985 an
1035 926 1129 984 minus
1141 925 1239 995 etiam,
1249 944 1340 1003 quam
1352 926 1418 1003 ipse

323 1018 414 1089 Wolf,
429 1018 465 1077 de
478 1018 636 1077 dictamen
649 1020 727 1079 hunc
751 1022 955 1096 Augustarum
976 1019 1120 1086 codicem,
1133 1018 1335 1076 ducentesimo
1353 1018 1418 1078 fere

323 1121 390 1189 post
402 1120 534 1189 quartam
549 1108 721 1169 Wolfianam
737 1105 942 1171 Demosthenis
960 1110 1118 1170 editionem
1136 1110 1296 1187 anno,legi
1312 1110 1418 1189 planis-

324 1202 407 1261 sime.
436 1202 555 1261 Scholia
568 1214 664 1261 autem
675 1204 750 1275 illita
761 1204 871 1264 codicis
885 1215 953 1263 sunt
963 1203 1013 1262 illa
1020 1202 1141 1281 quidem
1152 1202 1189 1261 ab
1201 1203 1306 1261 eadem
1316 1219 1416 1275 manu,

223 1284 229 1293 ’
253 1291 263 1309 ’
323 1291 414 1354 lit'eris
427 1295 465 1353 ad
479 1295 600 1353 fonnem
615 1295 731 1374 quidem
745 1296 893 1367 similibus,
904 1295 957 1355 sed
970 1296 1062 1353 multo
1075 1293 1280 1364 minutissimis,
1302 1305 1416 1355 etcum

324 1386 503 1466 compendiis
513 1388 600 1465 longe
611 1386 739 1466 plurimis
752 1397 841 1465 atque
851 1386 1069 1447 intricatissimis
1078 1397 1207 1445 ιιιιιιιιι.
1249 1385 1310 1445 Sed
1323 1385 1360 1445 de
1369 1387 1415 1446 his

323 1480 507 1559 postmodum
523 1500 576 1539 suo
588 1480 663 1551 loco,
686 1500 753 1539 cum
765 1480 802 1540 de
812 1480 869 1538 hoc
878 1481 982 1540 codice
993 1480 1166 1559 Angustano
1175 1478 1306 1559 pluribus
1319 1498 1414 1557 egam.

197 1583 200 1592 ’
323 1572 454 1631 Diversis
463 1573 543 1632 hisce
554 1562 725 1631 lectionibus
736 1571 843 1633 codicis
852 1573 1018 1650 Augustani
1028 1573 1160 1648 subjecta
1169 1582 1236 1630 sunt
1245 1572 1275 1629 in
1287 1571 1413 1630 editione

323 1664 469 1723 Woliiana
490 1664 599 1725 scholia
617 1664 749 1740 ejusdem
764 1664 875 1723 codicis
888 1682 908 1723 a
920 1685 949 1744 p.
964 1670 1032 1726 193.
1045 1664 1084 1723 ad
1099 1668 1167 1738 199:
1180 1682 1247 1723 cum
1262 1663 1351 1723 latina
1368 1664 1415 1721 in·

322 1756 528 1834 terpretutions
543 1754 652 1825 Wolfii,
676 1756 779 1833 quibus
801 1756 840 1815 de
860 1756 977 1817 scholiis
998 1757 1068 1816 item
1087 1757 1217 1835 pluribus
1237 1758 1325 1835 paulo
1349 1766 1412 1835 post

323 1867 479 1927 exponam.
521 1848 650 1906 Prelisit
669 1848 704 1908 iis
724 1848 802 1907 hanc
820 1849 1021 1928 prefationem
1035 1848 1158 1908 Woltius
1171 1874 1211 1894 -ι
1224 1849 1261 1909 Ιιι
1273 1850 1333 1908 fine
1344 1850 1411 1907 haic

322 1941 433 2001 scholia
446 1942 475 1998 in
489 1941 550 2021 περὶ
561 1942 697 2021 στεφάνου
711 1952 831 2001 exstant
848 1941 878 2001 in
895 1940 1055 2002 Lutetiano
1076 1942 1189 2001 codice.
1208 1942 1278 2018 (hoc
1291 1954 1340 2001 est
1350 1941 1412 2000 edi·

301 2060 302 2065 ¹
322 2034 401 2093 lione
416 2032 566 2107 parisina).
608 2034 644 2091 In
658 2032 892 2113 παραπρεσβείαν
911 2046 943 2093 et
963 2034 1131 2113 τιμοκρὰτην
1142 2033 1254 2112 partim
1276 2052 1314 2093 ex
1330 2033 1412 2111 Ulpi-

322 2148 379 2186 ano
397 2127 536 2206 decerpta
548 2144 621 2197 esse,
634 2126 741 2203 partim
760 2126 790 2183 in
810 2126 926 2184 scholiis
946 2126 1110 2185 Lutetianis
1133 2138 1248 2184 exstare
1267 2126 1412 2185 ridentur.

320 2239 411 2299 quara
425 2220 512 2279 nolim
528 2230 640 2279 certum
652 2218 782 2276 lahorem
796 2236 902 2294 capere
914 2217 1027 2275 incerto
1040 2218 1145 2277 fructu.
1188 2218 1266 2278 Hoec
1277 2218 1410 2277 wolfius.

323 2312 509 2391 Expediebat
522 2324 629 2379 tamen,
642 2310 752 2387 opinor,
763 2307 857 2367 saltim
867 2309 1023 2367 varietates
1035 2308 1189 2367 lectionis'
1182 2328 1211 2366 ιιι
1224 2309 1269 2369 his
1282 2309 1409 2380 scholiis,

321 2424 388 2483 qum
402 2413 500 2462 essent
513 2402 543 2460 in
556 2401 775 2479 Augustano,
750 2420 775 2459 ιι
789 2420 855 2479 quaa
872 2398 1070 2519 discreparent
1090 2400 1232 2460 lectiones
1247 2402 1411 2462 aLutetia-

319 2496 374 2566 nis,
389 2494 482 2576 prodi.
1446 2501 1453 2513 '

361 2587 496 2667 Denique
516 2587 677 2648 succedunt
696 2587 782 2647 varim
802 2587 976 2658 lectiones‘
966 2605 1002 2647 ιιι
1016 2587 1076 2648 vita
1089 2587 1295 2648 Demosthenis
1307 2608 1326 2648 s
1339 2589 1410 2648 Plu·

319 2681 421 2742 tarcho
432 2681 595 2760 descriptu;
616 2681 644 2740 in
652 2682 755 2759 quibus
765 2681 797 2741 F.
807 2681 839 2740 id
847 2692 893 2740 est
896 2681 1025 2759 fortcme
1033 2681 1162 2755 additur,
1174 2681 1330 2740 Wolfianae
1342 2703 1409 2741 con·

313 2781 436 2854 jecturae
449 2788 525 2848 sunt,
537 2787 643 2835 ceteras
654 2775 820 2834 Lutatiana
834 2774 954 2834 editioni
964 2786 1096 2854 accepte
1111 2775 1284 2833 referuntur.
1295 2775 1408 2852 (hicest

317 2872 416 2930 titulus
437 2863 581 2930 aWolho
601 2868 807 2947 prescriptus.)
826 2867 1060 2926 annotationibus
1084 2867 1123 2926 ad
1147 2866 1405 2945 Pseudoplutsrchi

317 2965 405 3022 sitam
420 2961 628 3020 Demosthenis
650 2961 725 3018 hanc
746 2959 882 3037 premisit
896 2960 982 3018 Wolf
997 2959 1230 3019 annotationem:
1251 2969 1321 3037 quot
1340 2959 1407 3019 loca

314 3056 347 3115 in
361 3057 418 3114 hoc
432 3053 616 3132 opusculov
588 3053 726 3130 ε’στόχως
748 3051 972 3124 emendaverim,
987 3063 1111 3112 testatur
1123 3052 1274 3110 conversio
1288 3071 1362 3122 mea,
1373 3063 1407 3112 et
1519 3057 1524 3064 '

316 3146 465 3225 specimen
475 3141 736 3202 Demosthenicum
748 3143 783 3201 A.
795 3147 884 3206 1569
895 3145 1013 3204 editum.
1029 3156 1136 3205 caetera
1148 3143 1236 3223 hujus
1248 3145 1307 3204 loci
1319 3165 1407 3225 supra

315 3237 412 3307 retuli,
427 3255 494 3295 cum
508 3234 544 3293 de
557 3233 615 3292 hoc
629 3233 787 3312 specimine
800 3254 930 3312 agerem.

220 3315 223 3327 λ
357 3328 420 3386 Hic
433 3337 479 3386 est
491 3333 646 3406 apparatus
666 3325 783 3385 criticus
797 3326 998 3398 Wolfianns,
989 3347 1091 3406 ingens
1109 3328 1228 3407 quidem
1250 3279 1310 3412 ille,
1324 3341 1356 3388 et
1366 3329 1406 3387 ad

316 3415 526 3481 emendandum
542 3417 794 3478 Demosthenem
787 3420 917 3498 inprimis
935 3419 1024 3489 utilis,
1044 3419 1106 3490 sed,
1121 3433 1154 3478 ut
1168 3440 1246 3480 nunc
1260 3406 1317 3497 est,
1334 3421 1406 3479 nulli

189 3568 192 3577 .,
316 3513 390 3572 usui.
433 3511 546 3570 Stultus
558 3510 597 3569 ιιι
609 3511 702 3570 lector
715 3531 837 3571 necesse
851 3523 907 3583 est,
921 3532 971 3590 qur
964 3512 1015 3570 sd
1032 3511 1223 3590 faeiat‚.quod
1238 3513 1341 3573 editori
1356 3533 1407 3574 ue·

314 3605 441 3666 cessario
455 3613 501 3662 est
513 3603 687 3674 faciendum,
699 3615 732 3663 ut
742 3605 937 3664 tamdiversis
950 3604 980 3662 in
990 3603 1061 3662 locis
1075 3624 1199 3684 sparsas,
1213 3604 1312 3664 decies
1321 3623 1405 3686 repe·

314 3695 382 3756 titas
395 3695 513 3755 easdem
525 3695 666 3754 lectiones
680 3696 811 3775 indaget,
825 3697 913 3755 nullis
926 3715 1023 3774 neque
1036 3697 1216 3776 paginarum,
1230 3715 1327 3776 neque
1340 3717 1405 3757 ver-

261 3807 283 3826 *
313 3809 399 3850 suum
424 3787 662 3865 notis'signatas,
681 3789 710 3847 in
730 3789 835 3868 quibus
862 3789 1047 3868 indagandis,
1069 3789 1182 3850 tametsi
1203 3790 1405 3868 spississimum

313 3903 386 3964 opus
397 3883 494 3942 decies
508 3881 648 3953 revolvat,
661 3894 759 3942 tamen
774 3883 905 3962 integras
914 3882 1001 3940 horas
1012 3882 1127 3960 perdat.
1158 3883 1245 3962 Saepe
1257 3893 1315 3960 ego
1327 3881 1405 3940 mala
1451 3895 1457 3906 ·

311 3977 404 4036 multa
425 3974 468 4033 fui
487 3973 659 4052 imprecatus
676 3975 714 4044 ei,
732 3977 779 4035 cui
797 3987 857 4036 tam
870 3995 972 4035 vecors
992 3985 1024 4034 et
1039 3975 1181 4034 furiosum
1200 3975 1351 4036 consilium
1363 3975 1403 4034 »in

311 4081 440 4128 mentem
454 4067 543 4136 venit,
557 4078 591 4125 nt
601 4067 658 4127 boc
672 4069 761 4146 modo
775 4069 924 4146 patientiae
937 4067 1079 4126 lectorum
1094 4067 1238 4126 illuderet.
1258 4066 1401 4127 Demea·
1426 4080 1429 4091 “

310 4162 379 4221 tiam
393 4160 464 4221 satis
477 4159 572 4220 mirari
586 4181 644 4220 non
658 4179 784 4240 possum.
826 4159 950 4217 Insumit
961 4159 1092 4218 laborem
1105 4179 1163 4218 non
1178 4153 1299 4238 paratim
1309 4158 1403 4217 varias

308 4253 374 4315 illas
384 4267 428 4315 ιοι
437 4255 581 4314 lectiones
591 4252 767 4332 congerendi
778 4277 786 4321 ;
806 4252 869 4311 sine
880 4253 978 4324 dubio,
988 4270 1048 4331 quo
1056 4253 1183 4312 lectores
1191 4253 1225 4312 iis
1236 4262 1403 4320 merentum

242 4393 251 4404 .
308 4349 429 4425 exponit
443 4367 504 4413 ess,
518 4345 569 4406 sed
583 4347 634 4414 sic,
649 4357 682 4403 ιιι
695 4359 781 4402 nemo
794 4344 829 4403 iis
843 4345 884 4403 uti
897 4355 994 4423 queat
1008 4364 1068 4423 quo
1082 4345 1145 4425 ipse
1158 4364 1223 4405 sese
1236 4363 1296 4404 sum
1310 4355 1401 4406 tanto

307 4457 406 4518 operes
419 4439 517 4497 fructu
530 4437 660 4516 privavit,
680 4453 796 4514 unaque
816 4448 952 4502 emtores.
993 4436 1120 4497 Perinde
1140 4457 1219 4498 nunc
1240 4447 1298 4506 est,
1321 4437 1402 4496 acsi

307 4529 394 4611 plane
408 4530 479 4590 nihil
493 4527 663 4595 variantium
683 4527 830 4590 edidisset
873 4529 975 4609 Digeri
987 4529 1054 4591 hac
1067 4531 1231 4612 oportebat,
1245 4539 1401 4616 mitesque
