3150 5125
261 392 265 398 ·
386 391 444 454 sn
467 374 596 457 suuni·
610 395 834 458 ιιιιιιοιιιι.
857 395 1041 458 neustr.
1144 395 1257 460 imm

166 594 184 624 ι,
201 540 275 604 Non
290 553 391 606 artem
411 547 575 614 inconsultu
595 550 690 630 prims
709 547 945 630 egmdttmnnc
962 549 1128 610 cratonum
1149 548 1259 610 Domo-

158 633 353 698 mosenum
364 639 574 721 divisimquam
585 641 712 702 Wollius
731 642 845 705 tertium
864 639 1032 710 constitum
1053 640 1084 700 in
1097 657 1156 717 qua
1169 640 1260 708 etiam

159 736 244 804 perte
258 741 365 790 nostre
378 733 488 811 puriter
508 735 644 796 editionis
656 733 776 795 demum
797 734 853 794 erit
872 733 1052 811 reponenda.
1092 731 1213 806 Scilicet
1226 730 1259 792 id

160 812 269 886 fumum
283 833 329 880 est
342 824 516 886 auctoritate
528 811 788 905 pmcenendsiimi
801 835 890 904 stque
902 823 1116 886 honoratissimi
1127 817 1259 894 Visi,·oni

161 927 223 968 non
234 911 327 972 solum
341 927 464 976 cunetas
484 918 572 994 hujus
593 917 739 990 editionis,
757 915 970 978 verumetiam
988 915 1056 976 vitre
1076 933 1151 974 mere
1171 919 1260 992 etque

161 999 248 1060 officii
267 1004 397 1066 rationes
416 1008 520 1068 merito
539 1029 593 1068 sno
611 1009 739 1069 msximo
760 1008 865 1068 lubens
884 1007 1033 1068 submitto.
1083 1005 1160 1066 cum
1182 1003 1260 1065 enim

163 1095 363 1176 unusquisque
382 1106 476 1160 tomus
499 1099 604 1160 seriem
628 1099 791 1160 orationum
803 1097 1025 1177 complectatur,
1040 1117 1106 1178 quse
1120 1107 1152 1157 et
1171 1115 1260 1174 argu·

162 1185 256 1244 menti
269 1199 383 1259 notura,
406 1209 557 1250 causmum
576 1191 689 1251 rstione
711 1200 743 1251 et
763 1209 874 1269 genere
898 1189 1000 1249 orandi
1020 1206 1040 1248 ι
1059 1187 1173 1250 ceteris
1192 1197 1261 1246 sunt

164 1275 318 1352 distinctos,
331 1281 435 1340 etsnis
450 1282 533 1363 quusi
551 1281 691 1342 limitibus
713 1280 958 1360 circumscriptor
978 1290 1008 1339 et
1027 1297 1129 1360 pssum
1146 1278 1261 1340 ideirco

163 1368 297 1442 referret,
310 1390 370 1450 quo
389 1361 491 1434 ordine
510 1391 749 1452 unumquemque
769 1382 822 1432 sut
834 1371 911 1451 typis
925 1371 1104 1445 manderem,
1114 1379 1166 1432 snt
1178 1369 1262 1432 deni·

165 1479 224 1538 que
237 1462 424 1540 evulgarem:
443 1469 512 1525 cum
523 1465 614 1538 hoc,'
605 1483 733 1544 inquom
746 1473 826 1524 emet
832 1462 992 1542 integrum,
1009 1463 1078 1524 ideo
1096 1461 1199 1524 meluit
1207 1461 1264 1522 Vir

165 1553 371 1638 nobilissimus,
383 1556 479 1616 uther
496 1557 642 1617 orationes
662 1556 823 1616 emitterem
844 1555 961 1636 primes,
979 1574 1056 1634 quse,
1068 1572 1134 1614 oum
1148 1551 1264 1614 ceteris

166 1643 250 1704 nnllo
266 1665 376 1724 genere
393 1647 486 1708 lundis
507 1647 622 1720 cedent,
643 1658 705 1708 tum
725 1648 814 1708 etiarn
834 1645 976 1737 ejusmodi
994 1646 1060 1718 sint,
1079 1657 1114 1705 ut
1131 1645 1263 1706 novitate

166 1738 295 1816 quadarn
314 1734 455 1799 lectorem
477 1741 622 1800 eruditum
644 1739 790 1800 delectare
811 1731 933 1818 possint.
982 1737 1101 1798 Accidit
1120 1734 1208 1808 enim,
1232 1733 1264 1796 id

165 1829 246 1908 quod
263 1827 373 1890 induite
385 1831 448 1891 fere
461 1827 638 1913 experientis
650 1831 849 1910 cognorimus,
871 1839 905 1889 ut
922 1831 1119 1910 unnsquisque
1135 1847 1213 1910 pene
1232 1829 1263 1889 in

164 1923 201 1982 iis
215 1923 401 1997 orationibus,
416 1945 483 2005 quse
501 1944 593 2006 remp.
609 1935 639 1986 et
652 1924 777 1986 civitstis
788 1923 915 1984 rationes
929 1934 1073 2004 spectant,
1099 1931 1264 2002 occupetur

166 2027 198 2076 et
206 2017 289 2096 qussi
301 2016 456 2078 conclusus
467 2017 666 2089 detineretur3
686 2017 851 2098 paucissimi
864 2027 963 2076 autem
976 2015 1146 2097 nescioquo
1158 2014 1264 2093 inertie
1376 2053 1390 2082 κ

165 2127 199 2169 se
211 2108 336 2188 produci
353 2109 483 2170 sinerent
501 2111 549 2171 vel
568 2107 882 2188 adcontemplsndsm
904 2127 970 2167 eam
983 2107 1182 2179 subtilitatem,
1195 2123 1263 2186 qum

166 2201 197 2259 in
209 2201 355 2280 Leptines
372 2203 517 2274 enitescit,
528 2205 575 2263 sel
593 2203 736 2282 impetum
748 2201 831 2259 illum
846 2209 876 2258 et
889 2198 1064 2271 violentiam,
1079 2219 1145 2277 quse
1158 2199 1189 2256 in
1203 2198 1265 2257 Mt-

166 2295 255 2354 diana
267 2295 450 2366 dominetur3
468 2315 572 2374 neque.
587 2314 676 2374 porro
696 2292 904 2370 intelligerent,
920 2290 1023 2370 quibos
1042 2288 1161 2361 sculeis,
1174 2305 1263 2368 quom

167 2397 273 2467 arguta
286 2387 427 2458 oratione,
440 2398 472 2446 et
483 2397 593 2464 quanto
612 2383 787 2462 eloquentie
807 2381 935 2454 flumine,
953 2382 1121 2461 perniciosis
1135 2381 1262 2460 legibus,

169 2477 332 2556 cujusmodi
351 2488 435 2538 erent
454 2478 512 2536 illae
531 2476 570 2536 nb
583 2475 772 2546 Aristocrate,
794 2486 825 2535 et
844 2473 1042 2536 a'limocrste
1066 2483 1188 2558 rogstoe,
1202 2473 1263 2534 elo·

169 2573 376 2653 quentissimns
388 2572 439 2631 ille
451 2571 530 2646 ciris,
543 2570 614 2651 reip.
631 2589 729 2643 censs,
742 2568 905 2629 restitisset.

181 2750 185 2759 '
202 2718 358 2811 ‘volumen
378 2748 628 2820 interes11.,sive
644 2760 740 2810 tomus
750 2751 810 2821 ille,
822 2750 871 2829 qui
881 2746 1022 2809 AEschinis
1037 2748 1180 2809 orationes
1194 2760 1265 2823 tres,

169 2856 200 2904 et
216 2846 288 2903 duas
302 2840 511 2901 Demosthenis
532 2842 717 2913 ἀντιπάλους,
734 2863 775 2905 sc
791 2844 828 2901 de
848 2859 1001 2920 perperam
1020 2842 1099 2900 obita
1117 2841 1267 2919 legatione

168 2954 265 3006 unam,
280 2936 400 2993 nltersm
415 2933 454 2993 de
474 2951 583 2992 corons
601 2934 811 3013 complectitur,
828 2951 933 3011 magns
947 2952 983 2993 ex
994 2937 1098 3011 parte
1085 2950 1147 3008 Jam
1161 2942 1205 2993 est
1217 2934 1268 2991 ab·

170 3030 292 3089 solutus.
334 3026 393 3093 Qui
407 3025 456 3085 uhi
478 3026 640 3087 confectus
647 3026 747 3097 fuerit,
766 3024 851 3085 simili
871 3024 939 3105 lege
958 3033 989 3085 et
1007 3024 1173 3085 conditione
1191 3022 1264 3085 faxo

171 3131 205 3181 ut
218 3118 403 3180 distrahetur.

212 3297 383 3359 Monendus
396 3316 430 3359 es
442 3317 539 3379 porro,
559 3274 652 3360 amice
665 3300 768 3371 lector,
782 3300 865 3360 nobis
879 3302 941 3377 jam
953 3298 1116 3359 institutum
1134 3316 1198 3361 esse
1218 3318 1269 3361 se-

172 3389 277 3452 cundis
290 3390 424 3464 comili'ts,
438 3412 504 3470 quse
517 3392 673 3471 sliqusndo
690 3393 803 3452 ratione
821 3393 949 3464 vincunt,
966 3392 1055 3453 telam
1071 3394 1158 3465 hanc,
1176 3396 1264 3472 quam

171 3494 277 3558 texere
290 3482 478 3561 occoepimus,
487 3484 521 3553 ,in
529 3486 657 3563 quinque
668 3484 729 3544 sive
738 3499 845 3563 partes,
859 3484 919 3545 sive
931 3482 1078 3545 volumius
1089 3485 1268 3563 dispersere.

173 3578 287 3637 Auctor
301 3575 375 3655 ipse,
390 3595 450 3635 non
458 3576 607 3637 Wolfisno
620 3578 711 3657 msgis
721 3576 851 3647 consilio,
867 3596 953 3655 quam
964 3592 1072 3655 genere
1081 3575 1266 3649 concionum,

172 3781 237 3837 mus
255 3760 392 3840 accipiet,
410 3759 564 3831 interulis,
583 3742 779 3832 monuments,
799 3782 864 3841 ques
877 3762 960 3821 Vett.
976 3761 1130 3841 scriptores
1145 3760 1182 3821 do
1197 3761 1268 3832 sits,

131 3923 133 3926 ¹
172 3854 324 3935 scriptisve
337 3852 548 3914 Demosthenis
561 3863 619 3913 stc.
632 3851 722 3913 literis
743 3854 967 3932 consignarunt:
989 3852 1116 3932 Ulpiani,
1129 3853 1266 3914 eliorum·

172 3968 239 4029 que,
254 3968 319 4028 ques
333 3946 496 4027 comparari
510 3957 639 4025 possunt,
652 3946 762 4007 scholis
775 3948 814 4007 sd
826 3957 938 4006 textum
956 3946 1184 4018 accommodata,
1205 3957 1267 4005 ιιι

171 4042 285 4102 mendis
298 4050 473 4120 repurgate:
487 4059 592 4106 novam
606 4038 825 4100 adnotationum
838 4038 953 4109 seriem,
967 4038 991 4097 si
1006 4056 1064 4118 qun
1077 4038 1153 4115 forte
1168 4056 1268 4098 occur·
1355 4074 1358 4079 ι

172 4146 239 4195 rant
249 4134 296 4193 vel
309 4133 484 4213 explicatius
498 4132 703 4202 confirmando,
717 4133 764 4191 vel
777 4130 808 4191 in
822 4132 924 4192 melius
938 4131 1094 4191 mutando:
1111 4130 1265 4188 MStorum

169 4228 314 4295 lectiones
327 4225 429 4297 uarias,
440 4226 554 4306 quasin
565 4225 640 4285 notis
653 4224 756 4292 nostris
774 4244 833 4284 non
853 4225 1016 4304 attigimust
1038 4222 1171 4283 Iudicem
1185 4222 1268 4284 deni·

173 4306 231 4401 spus
245 4321 366 4381 atticum
380 4319 559 4388 locutionum
573 4317 749 4378 uberrimum
762 4329 851 4398 etque
864 4328 1047 4378 accuratum.
1289 4306 1292 4315 ’

210 4412 338 4473 Pstistur
350 4433 435 4491 oequo
446 4412 542 4472 animo
551 4412 646 4472 lector
656 4432 737 4471 meus
752 4431 785 4472 se
799 4430 874 4470 ame
889 4410 986 4469 denuo
999 4404 1153 4479 obsecrari,
1162 4408 1204 4468 uti
1218 4430 1268 4471 no·

174 4506 209 4566 ht
219 4508 266 4565 sel
275 4506 441 4575 MStorum,
456 4506 481 4565 si
491 4523 549 4587 qua
557 4502 654 4577 suerit,
667 4505 811 4577 notitiam,
825 4504 871 4563 vel
884 4502 915 4560 in
928 4498 1158 4563 Demosthenem
1169 4502 1269 4565 obser-
