3150 5125
418 410 480 471 AD
502 408 625 473 SUUM
644 408 871 473 DEMOSTH.
894 409 1040 473 Dente.
1183 412 1277 477 lxxvii
1303 449 1308 459 ,

180 564 230 629 sal
246 562 307 623 ullo
319 558 359 622 sd
371 558 530 625 hnnc'rem
549 575 602 625 snt
620 582 675 625 nau
694 574 745 625 sut
759 562 881 625 consilio
900 564 989 643 paula
1003 564 1181 636 instructior,
1193 570 1279 641 cnjm

180 656 229 718 Tu
241 655 331 715 fidem
349 674 410 714 non
428 654 599 735 implorasti.
641 656 795 717 Postremo
813 656 845 715 in
856 656 984 734 quodam
1003 656 1159 735 colloquio,
1177 662 1275 733 cujus·

177 746 258 811 modi
277 747 488 807 consuetudine
508 766 557 809 me
576 748 720 809 honorare
739 748 828 821 soles,
847 766 918 809 cum
936 748 975 809 de
987 748 1144 809 MStorum
1165 767 1221 807 usu
1241 758 1283 833 ct⁸

175 838 346 919 prestantis
358 858 455 900 sermo
467 838 545 901 inter
559 860 613 899 noa
627 840 796 913 haberetur,
808 850 900 921 atque
912 839 943 899 in
963 836 1142 901 mentionem
1162 839 1276 899 incide·

179 948 278 991 rernm
292 940 473 991 vetustorum
493 932 712 1013 exemplarium,
726 952 793 1011 quar
810 932 841 991 in
855 932 1076 993 instructissima
1092 932 1278 993 Bibliotheca

179 1025 321 1085 Vernus
335 1025 543 1087 Ausrnrxcn
566 1026 766 1097 adservantur,
784 1023 887 1105 (idque
900 1024 1019 1085 memini
1035 1044 1083 1085 me
1096 1024 1205 1085 secisse
1223 1025 1278 1084 do-

180 1116 253 1177 lenti
264 1117 358 1196 potius
373 1117 505 1191 similem,
521 1116 599 1199 quod
616 1130 735 1199 propter
748 1118 796 1179 rel
815 1117 926 1179 itineris
939 1118 1157 1197 longitudinem,
1170 1117 1219 1177 rel
1232 1118 1277 1179 rei

180 1210 272 1291 ipsius
294 1199 503 1283 difficultatem,
526 1223 692 1271 nostrorum
714 1210 864 1271 hominnm
883 1209 1063 1289 paucissimis
1086 1229 1187 1270 eorum
1206 1228 1277 1279 usus

178 1301 285 1381 aliquis
297 1301 492 1380 contingeret,
512 1322 600 1381 quam
622 1302 745 1383 optanti,
759 1320 857 1379 aequm
868 1301 1061 1380 exspectanti,
1074 1302 1148 1375 sore,
1161 1312 1196 1363 ut
1207 1300 1277 1361 milri

177 1394 336 1473 aliquando
356 1395 554 1473 contingeret)
573 1396 621 1455 Tu
633 1393 766 1475 protinus
781 1412 828 1466 ea,
842 1411 903 1470 qna
922 1392 1027 1453 merito
1039 1412 1103 1453 eras
1122 1395 1202 1473 apud
1213 1412 1277 1455 an·

181 1504 417 1551 enarraturum
433 1503 698 1547 turnnannrcsru
714 1483 816 1565 gretia,
828 1484 947 1557 curasti,
960 1495 995 1545 nt
1011 1485 1081 1545 milri
1093 1484 1280 1565 necopinanti

181 1580 407 1659 depromeretur
420 1579 569 1659 exemplar
581 1590 614 1639 et
633 1588 720 1639 estate
741 1588 773 1637 et
790 1576 956 1637 sinceritate
973 1577 1224 1657 specmfimimurn,
1236 1588 1281 1637 st·

180 1690 243 1753 qus
257 1672 298 1733 sd
309 1671 433 1731 nitorem
448 1671 506 1731 Tui
521 1672 761 1733 Daruosrnxnrs
775 1670 932 1731 accederet
942 1670 1027 1749 qnasi
1040 1670 1184 1741 cumulus,
1198 1669 1280 1732 istim

182 1764 364 1825 membrana
376 1762 509 1836 sanctas,
532 1781 652 1835 summa,
674 1782 760 1841 quant
778 1761 847 1835 vidi,
861 1773 894 1822 et
912 1780 1028 1827 morosa
1044 1760 1196 1841 diligentia
1208 1779 1278 1823 exa·

179 1856 314 1919 ctissime
324 1854 476 1935 descripta.
518 1856 567 1917 Ita
579 1876 627 1917 ree
641 1856 780 1917 maximas
791 1854 915 1935 imperii,
929 1865 961 1915 et
973 1856 1157 1934 prasimae
1169 1867 1279 1915 nostrin

180 1948 255 2029 reip.
269 1967 354 2009 curas
367 1967 434 2007 cum
444 1949 593 2011 literarum
602 1948 726 2009 fortunis
735 1947 923 2027 temperasti3
939 1949 1079 2027 atque'ea
1091 1948 1278 2028 studiaque

178 2060 235 2123 per
245 2040 336 2103 hosce
349 2041 460 2121 aliquot
473 2060 564 2103 annos
576 2060 690 2103 summa
702 2061 771 2101 cum
782 2040 969 2101 inclementia
980 2040 1112 2101 nonnulli
1125 2060 1163 2101 ne
1172 2041 1202 2101 in
1216 2040 1278 2100 otis

178 2133 301 2213 quidem
315 2134 458 2213 patienter
469 2134 623 2214 adspicere
634 2133 778 2204 solebant,
799 2132 848 2191 Tu
859 2132 972 2193 interea
983 2133 1013 2191 in
1026 2132 1160 2192 maximis
1173 2132 1280 2193 muniis

181 2226 452 2305 exercitatissimus,
462 2246 523 2289 non
536 2226 630 2287 solnm
640 2224 796 2303 diligenter
809 2222 957 2294 excolere,
965 2222 1164 2285 verumetiam
1173 2223 1279 2285 uiliter

182 2340 347 2403 propagare
360 2322 489 2401 potuisti.

186 2458 190 2469 ,
225 2414 349 2477 Scilicet
365 2433 386 2474 a
399 2414 445 2475 Te
459 2425 596 2492 ereptum
614 2412 649 2473 iri
667 2412 740 2473 illud
760 2412 886 2487 noluisti,
900 2413 981 2493 qnod
993 2423 1039 2475 est
1050 2413 1081 2473 in
1092 2414 1150 2473 isto
1161 2411 1280 2493 mugio

184 2506 336 2586 dignitatis
355 2524 432 2585 pene
453 2504 710 2586 exoptatissimum.
750 2505 878 2568 Noluisti
898 2516 1010 2566 tantum
1028 2506 1108 2588 apud
1121 2507 1167 2569 Tc
1183 2506 1280 2569 valera

184 2599 391 2664 auctoritatem
409 2599 544 2661 diuturno
565 2619 620 2660 usu
639 2599 850 2672 confirmatam,
874 2611 909 2660 ut
929 2619 990 2660 non
1011 2600 1043 2660 in
1063 2599 1281 2660 commovendis

151 2704 157 2712 ’
185 2693 382 2758 addictorum
394 2691 530 2772 ingeniis,
545 2703 576 2754 et
587 2703 774 2773 posterorum
783 2692 870 2752 dmnl
881 2692 956 2763 nard,
969 2691 1102 2770 Tumque
1113 2692 1282 2752 consuleres

186 2786 406 2848 immortalitati.
447 2784 526 2846 Nam
541 2783 584 2844 nti
594 2784 706 2846 trullum
721 2795 767 2846 est
779 2801 889 2862 magno
902 2782 964 2844 rito
975 2783 1114 2862 impendii
1127 2800 1221 2861 genus
1238 2782 1282 2842 di·

185 2881 283 2962 gnius,
297 2878 407 2939 nullum
422 2876 674 2958 honorificentius,
686 2895 774 2956 quarn
787 2875 869 2954 quod
880 2877 1054 2954 erugaturin
1063 2883 1204 2954 posteros,
1218 2893 1282 2934 ees·

184 2991 245 3053 quc
264 2972 382 3032 arbores
402 2987 567 3041 conserere,
588 2989 655 3050 quse
676 2980 707 3028 et
727 2967 813 3028 alteri
831 2967 913 3028 aetati
934 2978 1004 3027 sunt
1024 2967 1202 3047 profuturae:
1239 2965 1284 3026 ita

184 3065 267 3126 nulls
280 3073 326 3124 est
336 3063 476 3124 nocerim
495 3061 570 3124 ratio
591 3061 685 3122 laudis
702 3071 792 3139 etque
811 3059 985 3132 nonaum,
1005 3077 1093 3138 quarn
1112 3054 1283 3137 predicatio

186 3175 289 3219 eornm
299 3153 423 3228 virtutis,
435 3152 491 3234 qni
503 3153 676 3214 cultissimus
688 3151 854 3233 disciplinas
873 3151 953 3230 apud
970 3159 1147 3212 retroactam
1163 3160 1283 3210 atatem

185 3249 237 3310 rel
254 3247 457 3308 excitauerunt
469 3245 629 3317 beneficiis,
642 3244 690 3306 vel
703 3245 842 3325 exemplo
851 3243 1067 3322 confirmarunt,
1079 3243 1125 3303 vel
1142 3261 1284 3322 propaga,

189 3338 397 3417 rnntdenique
417 3337 539 3400 consilio
559 3348 590 3398 et
610 3337 781 3418 prudentia.¹
816 3334 934 3398 Curasti
953 3335 1051 3414 igitur,
1064 3345 1098 3394 nt
1113 3335 1158 3395 Te
1174 3335 1218 3394 itn
1230 3353 1284 3414 po-

188 3432 305 3496 steritas
317 3431 448 3503 sentiret,
456 3431 499 3490 uti
513 3449 566 3492 nos
577 3430 666 3492 hodic
679 3449 736 3488 non
749 3427 806 3490 nisi
818 3429 857 3488 de
867 3427 982 3507 optimis
991 3427 1141 3488 sentimus.
1169 3427 1284 3488 Eadem
1365 3481 1368 3486 .

189 3527 243 3586 ille
255 3535 338 3596 esna
351 3543 417 3602 qna
429 3533 551 3584 wieres
563 3542 612 3583 res
625 3523 758 3584 deterere
773 3532 826 3583 aut
837 3521 964 3582 obruere
977 3521 1064 3599 solet,
1083 3519 1155 3580 Tuis
1168 3537 1284 3600 semper

190 3617 307 3699 aliquid
322 3615 456 3676 additura
479 3625 524 3674 est
547 3615 689 3689 laudibus,
710 3633 855 3695 suumque
875 3612 1044 3691 suffragium
1062 3613 1201 3692 adponet,
1223 3630 1283 3671 non

189 3711 262 3773 iruic
274 3719 389 3772 tanturm
402 3706 523 3768 orationi
537 3718 654 3779 nostra,
668 3725 767 3770 rerum
779 3705 816 3766 iis
828 3705 928 3776 enam,
938 3724 1016 3783 quse,
1029 3703 1127 3766 nescio
1139 3724 1177 3764 an
1189 3704 1284 3783 magis

189 3803 311 3887 pens
325 3800 382 3862 nu
395 3797 951 3880 emmerammenses
959 3796 1284 3898 ngnnnamnnoo
1409 3859 1414 3866 ,

192 3909 316 3966 mutum,
328 3893 426 3972 eloqui
438 3911 499 3954 non
507 3892 644 3954 audeam.

230 3989 338 4066 Neque
352 3985 389 4046 ab
408 3984 443 4044 iis
462 4002 544 4055 amre,
557 3983 607 4062 qni
626 3984 779 4064 negligunt
800 4003 917 4045 omnem
932 3983 1009 4046 hanc
1025 3983 1169 4046 rationem
1188 3981 1283 4043 cmdi·

190 4081 278 4144 donis
298 4089 386 4157 atque
406 4075 588 4156 ingeniorum
606 4076 854 4150 exercitationem,
867 4097 938 4139 vere
954 4079 1028 4138 illud
1044 4077 1161 4148 dicitnr,
1179 4093 1284 4156 parum

188 4174 333 4238 advitam
346 4181 435 4249 atqua
454 4169 495 4230 sd
513 4188 606 4250 temp.
621 4170 774 4251 proficere,
788 4170 958 4234 cultissimus
970 4169 1050 4242 licet,
1064 4169 1240 4246 disciplinas,
1254 4165 1285 4226 in

187 4269 297 4349 quibus
311 4263 443 4326 omnibus
453 4262 583 4324 remissio
597 4264 729 4344 quaedum
744 4263 907 4324 animorum
921 4275 953 4323 et
964 4262 1091 4323 liberalis
1100 4259 1284 4322 solummodo

192 4357 350 4428 oblectatio
363 4355 517 4435 qaoeritur3
530 4375 625 4435 neque
637 4377 692 4437 par
711 4376 785 4430 esse.
800 4369 834 4417 nt
848 4377 885 4418 aa
900 4355 1006 4425 studia,
1019 4373 1087 4432 quas
1104 4352 1285 4432 politioribus

190 4450 226 4518 in
239 4449 360 4522 artibus,
375 4457 464 4526 utque
477 4447 507 4507 in
524 4448 651 4528 quadum
662 4449 811 4527 elegantia
828 4448 976 4509 literarum
989 4456 1152 4518 vomantur,
1165 4458 1218 4508 aut
1230 4469 1285 4508 no·

188 4552 285 4610 strunt
297 4541 388 4606 otium
402 4541 479 4600 iniis
493 4540 668 4614 excolendis,
681 4551 732 4602 cut
746 4552 876 4604 neruum
896 4540 1026 4602 favorem
1043 4537 1075 4600 in
1094 4541 1286 4622 prorogandis
