3150 5125
418 373 483 457 nn
505 375 627 442 suun
648 376 874 440 nauoaru.
896 377 1043 441 sauro
1177 353 1279 438 unu

177 537 276 588 mm
288 530 381 606 major
393 541 473 592 esset
486 532 517 590 in
526 533 737 616 rebuslmperii
747 528 958 612 conclplendia,
970 551 1008 591 an
1020 503 1196 608 exquisitior,
1208 527 1280 597 dum
1372 603 1376 614 ι

179 618 378 680 doctr‘mtnm
401 624 531 687 omnium
554 625 652 685 fontes
674 623 843 695 recluseris,
870 641 908 682 an
929 623 1046 683 demum
1070 614 1281 696 incredibilior,

177 709 259 788 quod
269 721 426 793 utramque
437 715 556 776 laudem
569 727 631 776 tam
640 705 767 784 feliciter
780 715 977 794 conjunxeris.
1019 713 1102 773 Hinc
1112 730 1173 771 non
1179 709 1279 792 otium

179 799 249 861 Tibi
262 805 456 880 solummodo,
475 807 529 867 aed
547 809 625 868 bene
645 809 776 869 ᾱιιιιιιιιι
797 807 960 886 negotium,
980 807 1127 868 literarum
1147 804 1216 864 luce
1236 803 1281 862 di·

176 895 328 957 stinctum.
369 899 514 959 Attamen
531 901 606 961 tanti
619 901 732 961 interea
748 921 810 960 nou
829 899 897 960 Tibi
911 901 949 960 sit
963 901 1009 962 rel
1031 899 1114 958 Tuus
1128 897 1190 977 ipse
1212 896 1279 956 Da*

178 1005 392 1064 aroannam,
412 1011 510 1072 neque
530 1012 577 1063 ea,
595 1013 683 1073 quam
705 993 894 1074 descripsisti,
916 991 1056 1052 methodo
1077 989 1279 1061 concinnatus,

178 1097 278 1162 neque
296 1081 341 1154 iis,
354 1103 430 1163 quas
453 1087 640 1166 comparasti,
661 1086 803 1167 suppetiis
824 1086 991 1157 instructus,
1010 1101 1109 1162 nequa
1126 1099 1175 1153 ea,
1190 1099 1279 1161 quam

179 1174 308 1247 voluisti,
318 1195 408 1237 manu
420 1178 593 1251 recensima,
606 1179 654 1240 Te
666 1191 701 1239 ut
713 1197 816 1240 carere
829 1188 930 1259 posset
943 1175 1126 1256 respubiiea;
1146 1185 1206 1246 aut,
1219 1174 1280 1234 uti·

174 1266 271 1327 litatis
285 1269 444 1330 communis
457 1271 617 1351 impendio,
631 1273 678 1332 Te
692 1272 813 1332 nimium
824 1269 973 1331 allicerent
983 1271 1100 1348 privatas
1113 1265 1279 1344 hujusmodi

179 1358 349 1438 elegantia.
390 1361 486 1423 Sinito
500 1363 547 1424 Te
567 1364 679 1424 tamdiu
704 1383 724 1423 a
737 1363 805 1423 Tuo
825 1363 1060 1422 Dauosrnaan
1084 1358 1189 1430 divelli,
1209 1358 1280 1417 dum

179 1452 454 1530 presentiarum:
475 1454 675 1515 iamdudum
694 1455 771 1515 enim
792 1473 812 1513 a
826 1453 875 1513 Te
893 1453 1044 1534 provisum
1065 1462 1122 1523 est,
1136 1460 1170 1509 ut
1183 1459 1280 1510 restra

180 1545 422 1608 commemoratio
442 1545 473 1606 in
495 1546 596 1610 ιιιιιιιιι
615 1559 646 1609 et
665 1548 798 1609 sensibus
817 1559 1003 1628 posterorum
1027 1545 1182 1606 divellatur
1205 1562 1279 1602 nun·
1352 1576 1361 1592 ι

221 1727 339 1790 Interea
358 1741 467 1804 autem,
481 1733 551 1792 dum
566 1733 611 1792 Te
630 1733 701 1794 illuc
715 1732 853 1812 sequitur,
869 1732 943 1794 etin
956 1732 1070 1792 civilem
1083 1730 1173 1791 vitam
1187 1727 1278 1788 comi-

180 1827 271 1892 tatur,
288 1822 445 1899 gratulatio
462 1836 572 1897 noema,
593 1827 700 1896 nescio,
719 1825 799 1905 qnod
820 1845 914 1905 genua
936 1825 1030 1885 laudis
1044 1835 1075 1886 et
1095 1820 1208 1882 virtutis
1225 1832 1279 1880 aut

178 1910 467 1993 adriperemprimus,
481 1918 589 1978 antoni
602 1918 765 1989 insisterem
778 1917 938 1978 lubentius.
972 1915 1178 1977 Memoremne
1192 1913 1278 1972 Pno-

178 2021 329 2065 vsucrssr
330 2028 443 2087 q,uam
456 2008 526 2069 Pno
541 2009 668 2083 Raoas
660 2030 690 2068 m
708 2011 772 2089 ipso
782 2009 945 2088 juventutis
958 2008 1043 2081 flore,
1059 2003 1277 2080 administrasti,

179 2116 293 2158 summe
305 2119 373 2159 cnm
386 2101 514 2161 omnium
528 2103 751 2182 exspectatione
768 2104 887 2174 adium,
902 2113 933 2162 et
951 2113 1138 2181 procuratam
1152 2099 1277 2160 admira·

176 2188 269 2261 tione,
282 2202 314 2251 et
332 2193 465 2253 relictam
480 2194 645 2255 desiderio?
666 2195 699 2254 Si
719 2194 896 2254 domesticas
919 2206 1033 2254 neamus
1047 2207 1079 2254 et
1097 2193 1191 2270 megia
1211 2209 1278 2269 pro·

174 2281 256 2360 prias
268 2282 423 2345 felicitates
444 2287 583 2358 recolam,
597 2287 639 2345 ibi
659 2285 823 2345 meminisse
838 2296 957 2365 oportet
971 2305 1112 2346 summam
1133 2303 1200 2344 cum
1213 2282 1276 2343 Oa-

178 2387 267 2432 staro
281 2373 375 2436 Rana
389 2375 522 2454 gratiam,
537 2387 568 2436 et
584 2387 695 2436 nostrie
714 2376 884 2456 reipublice
901 2377 1039 2437 rationes·
1050 2375 1175 2438 maxima
1188 2373 1276 2434 animi

179 2465 350 2537 constantia,
368 2465 534 2526 incredibili
553 2465 663 2546 ingenii
676 2469 787 2548 vigore,
801 2468 913 2549 optimo
932 2470 1053 2530 oonsilio
1071 2480 1103 2530 et
1123 2467 1275 2548 sapientia,

178 2555 308 2616 feliciter
331 2568 362 2618 et
380 2557 538 2637 >vigilanter
561 2559 668 2639 saepius
690 2562 877 2641 gubernatas.
918 2562 1092 2623 Meminisse
1117 2559 1276 2641 oportebit,

99 2650 115 2667 '‘
178 2649 274 2728 qualis
285 2660 466 2730 quantusque
478 2652 568 2710 fueris
586 2652 617 2711 in
636 2664 750 2726 senatu,
766 2666 797 2715 et
811 2655 842 2714 in
856 2655 1005 2724 conciliis3
1024 2674 1167 2715 summam
1188 2664 1276 2733 atque
1390 2650 1392 2659 ’

177 2740 378 2802 incredibilem
401 2742 526 2820 gratiam
551 2745 783 2825 gravitatemque
812 2746 1033 2817 sententiarum,
1056 2745 1223 2805 facundiam
1246 2744 1276 2803 in

97 2893 101 2899 ,
177 2852 260 2905 soce,
271 2833 455 2894 severitatem
466 2834 744 2917 affirmationemque
757 2838 787 2896 iu
801 2838 893 2909 vultu,
904 2838 933 2896 in
946 2838 1046 2909 oculis,
1057 2836 1169 2907 habitu,
1181 2848 1277 2915 gestu,

80 3007 83 3014 γ
176 2935 244 2987 soto
257 2927 385 3007 denique
398 2946 521 3007 corpore
533 2930 693 2989 naturalem
713 2932 862 3009 quandam
876 2941 907 2990 et
924 2931 1082 3009 ingenitam
1098 2930 1156 2988 rim
1169 2940 1200 2989 et
1213 2930 1277 2989 elo·

174 3020 337 3099 quantiam.
376 3020 413 3080 in
431 3021 555 3099 negotiis
574 3022 701 3100 publicis
722 3024 923 3103 expediendis,
938 3034 1048 3103 quanta
1065 3023 1199 3084 alacritas
1212 3024 1276 3085 sine

174 3112 380 3191 trepidatione
393 3126 504 3192 quanta
516 3114 674 3192 vigilantia,
688 3116 901 3196 propemodum
923 3136 990 3177 cum
1005 3116 1094 3177 animi
1106 3116 1274 3177 mmissione

175 3205 352 3280 conjuncta?
372 3206 410 3265 In
420 3208 605 3273 Quaesturam
616 3209 843 3289 Scribarumque
857 3210 951 3289 operis
965 3209 1125 3269 excitandis
1138 3228 1230 3269 novus
1241 3220 1275 3271 et

176 3295 323 3369 incitus,
343 3300 397 3357 sed
406 3299 576 3378 reipublicae
598 3301 779 3374 utilissimus,
792 3302 888 3373 ardor,
908 3302 972 3362 aine
983 3303 1118 3381 strepitu,
1137 3302 1198 3363 sine
1212 3324 1275 3363 mo·

177 3386 280 3461 leatiis,
293 3399 324 3448 et
335 3389 399 3461 ¹fere
417 3392 480 3451 sine
493 3395 604 3472 specie,
619 3394 787 3472 diligentia.
816 3394 852 3451 iu
867 3393 1048 3473 Legatorum
1063 3394 1188 3474 denique
1199 3415 1274 3457 con·

178 3480 329 3560 gressibus
343 3482 476 3543 elucebat
484 3502 597 3546 summa
607 3497 640 3547 et
651 3486 783 3545 maxima
793 3486 983 3565 experientia,
996 3502 1042 3559 ea,
1050 3506 1120 3566 quse
1131 3492 1275 3569 cujusque

177 3573 305 3633 nedonis
314 3585 384 3634 vota
396 3584 428 3635 et
440 3577 626 3639 necessitates
635 3596 712 3657 pute
725 3587 939 3651 anteverteret3
958 3579 1083 3639 maxima
1096 3590 1195 3640 tamen
1209 3582 1274 3641 ubi·

176 3685 236 3746 que
245 3667 375 3738 comitas,
388 3684 486 3746 neque
495 3668 555 3729 ulla
565 3690 620 3749 per
633 3671 821 3749 interpretem
832 3670 935 3731 oratio.

198 3778 202 3783 ’
218 3758 340 3830 Verum,
353 3760 398 3817 uti
408 3760 504 3819 oratio
516 3772 615 3823 nostru
633 3782 653 3823 a
668 3763 904 3823 Dauosruauu
917 3782 1020 3825 exoras
1032 3764 1152 3827 tandem
1165 3766 1196 3827 in
1208 3770 1274 3847 ejus

173 3850 291 3913 editore
303 3851 427 3923 desinat,
441 3853 559 3913 abunde
578 3855 647 3914 mihi
662 3856 802 3933 gratulor,
818 3856 946 3916 oblatam
960 3876 1024 3918 esse
1038 3858 1114 3917 hanc
1134 3872 1272 3939 oppertus

173 3943 308 4016 nitatem
320 3944 370 4005 ubi
382 3956 452 4004 rota
462 3945 583 4024 pubbce
592 3966 763 4027 nuncupare
776 3949 894 4027 possiam
908 3960 945 4037 ut
955 3950 1012 4011 boc
1020 3951 1185 4011 sedulitatis
1197 3972 1273 4013 mem

168 4048 211 4097 -ιι
228 4035 388 4114 diligentie
407 4038 610 4118 qualecunque
628 4053 857 4113 monumentum,
877 4041 920 4102 ita
933 4044 1022 4103 efiam
1038 4054 1216 4125 perpetuum
1235 4045 1275 4105 ait

178 4140 382 4208 argumentum
395 4130 497 4189 ammr
473 4131 563 4193 'Tibi
577 4133 709 4213 Tumque
721 4134 856 4213 dignitati
874 4134 1072 4199 addictissimi
1114 4134 1273 4214 Nunquam

174 4234 277 4285 autem
292 4222 446 4283 illucescat
456 4224 507 4283 ille
520 4224 593 4297 dias,
606 4226 658 4286 ubi
670 4238 751 4300 rota,
764 4246 835 4307 quse
851 4247 906 4307 pro
922 4228 970 4288 Ta
984 4246 1135 4306 nuncupo,
1147 4226 1273 4292 utilitate

176 4315 275 4395 potius
289 4316 456 4395 extorqueri
468 4316 631 4391 videantur,
645 4338 734 4398 quam
742 4318 803 4380 fide
815 4320 883 4378 Tibi
896 4320 1008 4381 deberi.
1025 4370 1030 4383 .
1049 4318 1275 4397 Nequelnterea

179 4409 245 4467 baec
255 4430 293 4469 eo
306 4409 380 4481 dico,
391 4428 450 4489 quo
462 4410 620 4489 quidquam
634 4412 663 4471 in
685 4411 741 4472 bac
754 4420 856 4471 notua
868 4410 1020 4482 tenuitate,
1033 4419 1086 4471 aut
1100 4408 1172 4471 Tuis
1185 4402 1274 4475 ratio·

171 4501 265 4567 oribus
275 4502 444 4583 adjumenti,
455 4514 507 4567 aut
519 4503 689 4586 reipublice
698 4504 1035 4567 emolumentifuturum
1056 4520 1122 4565 esse
1141 4506 1273 4581 arbitrer,
