3150 5125
453 379 616 467 ssimi
636 403 768 464 ruer.
790 403 857 463 su
871 400 978 464 usu.
1203 403 1260 464 eru

167 515 326 626 esthritio
337 572 369 621 et
378 559 446 620 aliis
459 543 606 639 occupati
615 543 694 619 etin
705 557 809 637 vulgus
822 565 893 616 nota
906 562 982 624 sunt,
995 551 1050 612 nisi
1062 512 1184 616 sodales
1201 569 1280 617 mse·
1328 595 1336 602 -

167 655 288 716 scissem
301 653 520 723 malevolorum,
535 649 925 729 quideiidemcaihisssnt
938 645 1105 716 dubitaturi,
1120 646 1146 705 si
1160 646 1277 724 quidav
1319 707 1321 712 ,
1408 667 1412 674 ·

167 746 297 825 Tayloro
317 744 478 823 profectum
500 743 652 812 cclmsem,
673 752 763 821 sique
784 736 1008 806 elemundus
1031 735 1262 816 Tsyioranorum

167 839 278 918 optima
290 855 413 914 quasque
427 833 632 913 suppressisse,
646 843 698 892 aut
709 831 787 891 mihi·
793 845 956 908 arrogasse.
986 828 1055 906 Ego
1068 829 1211 907 profecto,
1221 830 1264 890 ita

170 928 283 988 madius
295 928 391 998 fidius,
405 925 430 985 si
441 923 638 1004 previdissem
647 924 678 983 in
685 923 803 984 schedis
814 920 936 1002 Tayiori
950 937 998 980 me
1008 937 1067 978 non
1078 919 1264 980 inventurum

168 1039 238 1091 esse
250 1019 373 1080 meliora
383 1017 429 1088 iis,
442 1037 510 1096 quse
521 1014 630 1085 iuveni,
641 1033 788 1094 nunquam
799 1028 917 1094 operam
927 1011 1082 1086 desiissent,
1091 1023 1129 1072 ut·
1139 1031 1189 1073 ess
1201 1013 1267 1073 sdi-

104 1175 110 1182 ,
166 1112 320 1192 pisosrsr3
348 1123 380 1171 et
399 1110 441 1169 sic
460 1110 556 1169 locum
576 1127 692 1168 omnem
705 1105 867 1180 ,edumnioe
886 1114 977 1182 atqm
995 1103 1151 1182 suspicioni
1164 1105 1284 1164 osuiu.

168 1203 283 1264 sissem
316 1203 376 1264 Sed
388 1201 514 1262 fideliter
526 1202 714 1261 verbotenus
726 1197 853 1268 reddidi,
864 1215 931 1274 quse
944 1195 1051 1266 inveni,
1060 1196 1089 1254 iu
1098 1209 1262 1273 quoeruut,

168 1296 223 1374 qni
236 1294 451 1374 superstitionis
470 1312 519 1352 rue
535 1303 626 1371 atque
642 1290 924 1351 saeordimuoteut.
966 1286 1046 1352 Quid
1065 1305 1193 1365 egerem,
1211 1289 1282 1350 uhi¹

167 1405 280 1448 cavero
292 1405 351 1446 non
364 1403 491 1464 possam
505 1384 660 1462 quominus
672 1383 703 1440 in
716 1382 840 1441 aiterum
854 1377 1004 1458 scopulum
1017 1379 1153 1440 humanas
1163 1380 1266 1459 iniqui·

170 1477 243 1541 tatis
263 1479 453 1557 impingerem
466 1500 474 1544 ;
496 1476 588 1535 malui
607 1490 733 1535 excessu
752 1470 901 1551 religionis
920 1488 1054 1550 peccare,
1075 1489 1163 1549 qoam
1183 1489 1266 1534 coms
1282 1515 1286 1524 .

171 1568 299 1643 uicem,
313 1581 347 1634 ut
360 1568 494 1630 Monimo
508 1567 626 1647 Tsyiori
640 1574 804 1629 cosumus
823 1575 913 1644 atque
925 1561 1189 1630 violatoruidercrs
1262 1583 1264 1592 ¹

359 1813 363 1818 ⁴
470 1861 730 1953 surculo
757 1857 974 1949 ussaw,

426 2035 584 2092 MEDICO
610 2037 663 2092 ΕΤ
684 2036 847 2092 cnmco
864 2032 1016 2100 FEhlcl,

655 2200 682 2244 Β.
702 2201 732 2242 1¹.
753 2201 789 2242 Ι).

546 2335 605 2395 10.
624 2335 706 2395 IAC.
726 2333 907 2395 REISKE:

214 2502 479 2563 Dsuosrurusu
509 2499 562 2559 uhi
588 2519 696 2572 meum,
718 2501 861 2573 Askerris
878 2497 930 2562 Vir
951 2501 1129 2576 clarissime,
1151 2523 1204 2566 cur
1224 2503 1266 2565 in·

174 2595 314 2665 scribam,
329 2613 441 2654 caussae
453 2592 522 2651 mihi
536 2604 614 2663 suut,
633 2592 664 2651 id
682 2594 761 2671 quod
779 2605 812 2654 te
830 2595 985 2673 confugit,
999 2597 1270 2677 publicequepri-

174 2695 322 2764 vntoeque.
342 2688 418 2750 Ques
428 2704 481 2742 nos
492 2684 648 2748 intercedit
659 2682 853 2745 setisvetusts
860 2683 1054 2759 necessitudo,
1067 2686 1271 2748 heiddnno

180 2780 259 2839 1745
272 2777 419 2846 inchoata,
438 2794 507 2834 cum
521 2774 708 2855 aliquamdiu,
723 2796 776 2856 per
789 2776 933 2848 locorum,
947 2778 1053 2855 quibus
1069 2778 1272 2858 disjungimur,

176 2868 340 2938 intervella,
361 2865 605 2945 negotiorumque
625 2868 899 2940 dissimilitudinem,
917 2868 1158 2948 interquievisset,
1179 2890 1274 2951 nuper

176 2978 243 3021 earn
256 2960 449 3039 benignatus
461 2970 493 3019 et
504 2959 641 3037 imprimis
653 2960 779 3020 literalis
794 2960 945 3041 promissio
959 2962 1000 3021 de
1011 2962 1127 3022 schedis
1142 2962 1271 3041 Taylori,

178 3052 373 3112 Demostheni
383 3051 569 3121 consecratis,
582 3071 648 3131 quse
658 3052 689 3110 in
698 3062 848 3131 potestate
857 3062 909 3112 tua
918 3066 997 3124 sunt,
1007 3053 1046 3112 ad
1057 3073 1104 3113 me
1113 3054 1272 3126 mittendis,

177 3144 336 3204 renovarit.
374 3146 452 3210 Qum
465 3144 615 3222 promissio
627 3162 709 3222 spem
722 3144 760 3203 da
770 3156 801 3204 te
813 3162 919 3215 meam,
934 3155 968 3203 ut
980 3164 1039 3203 uon
1050 3146 1196 3224 superavit
1209 3166 1273 3205 nro-¹

180 3235 302 3304 do‘,'sed
316 3235 402 3295 etiam
417 3235 586 3309 antevertit,
601 3235 643 3294 ita
655 3236 725 3294 nihil
736 3247 854 3316 poterat
868 3235 987 3313 etmihi
1000 3238 1274 3315 neque‘jucundius,

181 3344 280 3405 neque
288 3326 526 3386 honorificentius
537 3327 760 3400 accidere,cum
769 3348 805 3389 ec
818 3329 856 3387 sit
866 3328 986 3408 Taylori
994 3329 1166 3389 schedarum
1173 3340 1274 3390 aucto-

181 3420 253 3479 ritas
270 3428 357 3498 otqus
369 3418 546 3498 proestantia,
561 3430 595 3479 ut
610 3420 646 3479 si·
656 3440 707 3480 eas
722 3420 795 3480 nihil
815 3420 893 3480 aliud
915 3440 1001 3499 quam
1016 3420 1146 3493 edidero,
1161 3423 1274 3482 tametsi

168 3510 270 3572 nulia·
281 3511 321 3570 de
340 3529 407 3570 meo
427 3510 586 3570 domestico
605 3530 682 3589 penu
700 3524 806 3572 auctas
824 3513 1003 3582 accessione,
1017 3512 1065 3571 sel
1084 3512 1155 3573 soioe
1174 3524 1274 3574 tamen

182 3604 243 3663 sint
255 3621 351 3663 meam
365 3600 657 3662 Demosthenicamm
669 3604 854 3684 reliquiarum
871 3603 1040 3674 editionem,
1054 3624 1113 3687 non
1132 3616 1275 3667 ornaturus

182 3696 285 3773 rnodo,
297 3712 394 3773 neque
412 3694 668 3765 commendatum,
685 3697 739 3755 sed
752 3696 839 3775 plane
858 3696 945 3756 etiam
962 3696 1157 3757 necessariam
1174 3699 1275 3758 redd:

180 3796 265 3846 ture.
307 3785 348 3872 Et
371 3795 411 3855 te,
436 3784 567 3859 Askewi,
589 3796 702 3845 tantm
722 3787 826 3859 virum,
844 3789 1023 3867 quadruvio
1046 3808 1110 3869 rep.
1134 3790 1276 3851 litteraria

183 3878 293 3938 meritis
304 3878 362 3938 tuis
380 3877 570 3957 cognitusres,
585 3878 724 3940 tanti-me
742 3878 852 3953 facere,
865 3890 898 3939 ut
910 3882 1096 3960 provinciam,
1111 3902 1198 3962 quam
1213 3884 1275 3964 ipse

106 3978 109 3985 '
183 3981 250 4031 tute
262 3972 293 4029 in
308 3982 340 4031 te
349 3971 512 4049 suscepisse
530 3990 623 4049 nuper
637 3971 746 4031 asama
761 3971 913 4045 ferebaris,⁸
926 3972 955 4031 in
968 3994 1014 4033 me
1028 3974 1209 4045 transferres,
1224 3975 1278 4032 mi·
1304 4002 1307 4009 ’

181 4063 271 4141 hique
283 4063 408 4122 scheda
420 4062 570 4143 reciperes
583 4062 770 4135 crediturum,
791 4065 865 4124 tanti
882 4064 1041 4140 faciendas,
1061 4071 1278 4144 eoquaepraeju·

176 4154 252 4213 'dicii
272 4154 418 4235 gravius!
445 4173 532 4232 quarn
552 4153 714 4234 splendida,
734 4155 760 4217 si
777 4176 868 4217 vanus
888 4158 950 4229 sim,
966 4157 1116 4233 jactantius
1137 4158 1278 4223 materia!

182 4248 282 4312 Quam
295 4246 399 4306 de‘tuo
417 4264 489 4323 erga
507 4265 557 4305 rue
574 4247 900 4309 auimodubitationem
921 4248 1027 4308 sssentii
1042 4247 1093 4306 tui·
1106 4245 1278 4311 diuturnitas

184 4338 338 4414 injecerat,
347 4356 411 4397 eam
422 4337 505 4397 istaec
515 4339 831 4400 tuoevoiuntatisseluti
842 4342 937 4401 subito
946 4356 1136 4419 prorumpens
1147 4341 1280 4416 quedam

187 4446 259 4486 sura
268 4428 390 4504 disJecit.
410 4430 490 4489 Vere
501 4440 535 4487 tu
548 4430 645 4489 adhuc
658 4451 691 4490 es
703 4442 788 4492 vetus
802 4432 861 4502 iile,
872 4431 923 4509 qui
938 4426 1128 4505 Leidoe'eras,
1141 4442 1237 4494 certus
1249 4448 1280 4496 et

187 4518 437 4589 cuium-amicus·
471 4521 499 4580 0
513 4522 537 4581 si
549 4521 647 4583 fatalis
659 4522 823 4603 nescioqui
836 4542 962 4595 casuue
976 4522 1000 4583 si
1013 4521 1065 4583 fati
1079 4523 1136 4585 nst
1149 4526 1297 4605 nauigat·
