3150 5125
303 356 371 427 χιιι
427 356 449 415 1.
465 354 595 416 BERN:
603 350 1091 419 mttc.·PR·AEu.‹'.t1t·suut1
1105 347 1329 413 DEMOSTH.

300 517 335 577 riu
349 512 531 586 totun'qfus
549 510 723 581 comitti,
737 521 767 570 et
781 510 913 588 tagenio,
927 520 960 569 et
971 508 1072 569 studiis
1085 507 1174 589 pino
1184 524 1256 565 eum
1267 503 1390 576 raim

263 644 269 659 .
300 603 482 680 undamque
496 621 607 663 morum
625 602 796 681 probitatem
818 620 877 680 prta
889 612 921 661 te
938 602 1027 671 fem,
1038 612 1075 660 ut
1085 620 1143 661 non
1154 610 1216 659 tam
1230 597 1388 675 diguitatis,

297 714 388 772 quam
403 696 548 773 propositi,
556 706 645 773 atque
658 694 745 758 animi
760 694 847 753 etiam
861 699 923 768 ejus
935 712 1087 754 successor
1100 692 1189 751 fuisse
1201 688 1390 759 νὶιιοιιιίιιιιὶι

297 785 343 843 .bil
358 806 469 857 vereor,
482 786 551 864 quin
570 804 633 844 eam
648 784 913 863 'exspectationem
932 790 1019 867 quam
1032 784 1082 843 ille
1095 783 1134 842 de
1147 800 1180 841 se
1196 781 1273 860 apud
1287 800 1390 845 omae·

300 878 508 945 concitaverat,
527 877 668 955 sustinere
688 896 723 935 ac
742 876 817 941 tueri
829 876 917 935 etiam
934 876 1087 953 magnifice
1100 875 1220 953 postia·
1243 873 1389 951 suscipies

304 969 391 1046 igitur
402 970 430 1027 in
442 970 596 1048 presentia
610 968 849 1039 Demosthenem,
863 986 899 1028 ac
912 968 1104 1047 quotiescum
1123 968 1153 1025 in
1166 984 1268 1025 manus
1281 975 1388 1039 summ,

302 1062 470 1141 frequenter
482 1074 579 1123 mrtem
593 1062 623 1120 id
636 1060 778 1123 facturum
790 1072 821 1120 te
833 1080 899 1121 esse
908 1081 968 1121 uon
981 1060 1093 1132 dubito,
1102 1079 1163 1119 non
1172 1071 1233 1119 tam
1246 1076 1388 1121 summm
1485 1101 1489 1111 ·

304 1165 458 1225 oratorem,
472 1174 556 1233 quam
570 1153 723 1223 numium
737 1153 939 1215 etiamamoris
957 1153 987 1211 in
999 1164 1030 1212 te
1043 1153 1100 1213 mei
1114 1151 1255 1231 judicium
1273 1165 1388 1215 tumere

296 1258 335 1306 -te
348 1246 533 1332 existimabis.
555 1246 642 1307 Vale.
1376 1250 1382 1257 '

749 1420 890 1483 Studiosis
909 1419 943 1479 S.

294 1570 297 1575 ·
343 1550 419 1609 Cutt
434 1546 639 1611 Demosthenis
659 1551 801 1611 orationes
820 1548 858 1610 ad
881 1548 1062 1609 commodum
1083 1558 1208 1607 vestrum
1227 1543 1383 1624 patrabac

303 1638 396 1697 forma
409 1640 633 1713 excuderentur,
648 1643 748 1702 intres
762 1653 858 1722 patres
872 1660 921 1700 eas
935 1638 1103 1699 dividendas
1118 1638 1290 1713 censuimus,
1301 1643 1348 1704 ne‚²
1363 1634 1387 1693 si

295 1750 362 1788 uno
380 1730 521 1790 volumine
539 1752 639 1793 ornnes
653 1734 781 1794 fuissent*
796 1733 1020 1812 comprehensa,
1035 1732 1064 1789 in
1080 1742 1191 1790 tantam
1212 1727 1387 1807 magnitudi2

303 1842 370 1880 nem
385 1834 571 1883 excresceret
587 1826 669 1897 liber,
684 1838 717 1885 ιιι
730 1845 805 1886 vana
818 1826 910 1884 omnis
924 1824 1031 1883 utilitas
1044 1822 1136 1893 fieret,
1149 1840 1235 1901 quam
1245 1840 1282 1879 cx
1295 1818 1387 1878 foimt

271 1918 275 1925 '
295 1914 359 1973 bac
373 1915 459 1973 cratis
471 1914 605 1975 habituri.
649 1920 728 1998 Apte
742 1931 839 1979 autem
851 1917 962 1986 incidit,
977 1928 1009 1975 ιιι
1028 1915 1136 1994 absque
1155 1914 1215 1973 ulla
1234 1912 1287 1971 nisi
1301 1911 1390 1990 parvi

296 2006 459 2065 'admodum
473 2008 576 2066 veteris
591 2009 696 2069 ordinis
710 2011 868 2070 mutatione
882 2008 962 2068 facta
976 2006 1076 2067 divisio
1090 2008 1136 2066 sit.
1163 2005 1239 2066 Nam
1250 2006 1281 2063 in
1294 2002 1387 2083 primii

295 2099 384 2177 ‘parte
405 2098 597 2159 deliberativae
618 2121 716 2161 ornnes
736 2103 840 2183 positas
861 2113 937 2173 sunt,
954 2120 989 2160 eo
1003 2120 1061 2180 quo
1081 2098 1161 2179 prius
1182 2109 1264 2157 erant
1287 2095 1387 2155 ordine

295 2190 461 2250 collocate.
484 2203 572 2271 atque
594 2192 623 2251 id
643 2192 748 2255 merito
769 2195 896 2274 quidem,
919 2204 1074 2273 propterca
1090 2189 1169 2271 quod
1190 2208 1242 2268 par
1263 2196 1386 2257 θαι-ιιι

296 2283 496 2352 ¹consultandi,
519 2294 551 2341 et
568 2284 746 2345 deliberandi
761 2285 927 2346 Rhetoricae
948 2284 1069 2364 species,
1083 2303 1147 2363 quae
1166 2282 1258 2361 prima
1271 2289 1300 2338 et
1320 2276 1386 2356 gra·

182 2378 186 2385 '
295 2373 425 2441 sissima,
440 2372 623 2452 maximeque
643 2375 681 2434 ad
701 2378 831 2437 civitates
851 2376 995 2456 regendas
1011 2373 1173 2435 necessaria
1190 2383 1245 2443 est,
1264 2371 1387 2451 primum

295 2464 390 2523 etiam
411 2464 440 2521 in
455 2464 555 2523 ordine
574 2465 672 2526 locum
690 2468 843 2530 obtineret.
883 2468 941 2527 His
960 2480 990 2527 et
1003 2466 1191 2527 deliberativa
1207 2460 1345 2535 exordia·
1357 2472 1387 2521 ct

302 2557 373 2616 duas
388 2555 624 2620 demonstrativas
645 2560 788 2640 orationes
807 2560 1016 2638 subjunximus,
1031 2579 1095 2637 qaae
1115 2558 1146 2616 in
1165 2558 1252 2616 finem
1272 2556 1336 2616 libri
1357 2554 1387 2613 in

296 2650 391 2708 *veteri
404 2649 589 2728 impressione
603 2656 715 2732 rejecta
727 2653 853 2725 fuerant,
868 2655 926 2723 iila,
940 2651 1007 2730 quia
1020 2651 1059 2708 ad
1071 2649 1148 2707 idem
1170 2667 1262 2723 genus
1274 2657 1386 2725 specta·

298 2743 378 2814 bant,
388 2744 450 2817 han,
464 2743 542 2821 quia,
556 2765 622 2805 cum
636 2749 712 2806 adeo
725 2767 826 2825 paucoe
845 2754 950 2814 essent,
966 2753 998 2800 ut
1019 2739 1129 2798 nullum
1142 2739 1277 2798 volumen
1296 2739 1386 2797 confiss

242 2843 247 2848 '
299 2857 368 2896 cere
387 2859 440 2916 per
452 2859 516 2897 sese
531 2849 657 2917 possent,
672 2838 725 2896 sed
739 2837 825 2894 alicui
845 2855 883 2894 cn
898 2835 960 2894 aliis
973 2846 1109 2911 tanquam
1131 2829 1274 2910 appendix
1297 2841 1386 2892 anne*

297 2927 411 2984 ctendae
423 2940 529 2998 essent,
538 2929 564 2987 ei
576 2929 692 2987 annecti
704 2929 855 2987 commode
866 2947 952 3006 posse
960 2926 1138 2996 videbantur,
1149 2925 1228 3008 quod
1237 2925 1385 2984 minimum

300 3019 426 3076 omniurn
441 3031 504 3079 erat
516 3021 653 3077 futurum.
696 3019 834 3079 Secunda
845 3039 911 3098 pars
917 3017 1102 3095 judicialibus
1116 3016 1148 3080 iis
1162 3031 1272 3079 tanturn
1287 3019 1385 3079 dicata

299 3120 353 3179 est,
368 3129 434 3190 quae
447 3112 494 3170 vel
514 3113 551 3171 de
565 3111 689 3171 decretis
703 3124 733 3172 et
752 3112 865 3190 legibus
885 3124 988 3191 praeter
1002 3112 1083 3190 leges
1097 3113 1174 3190 latis,
1189 3112 1234 3172 vei
1249 3112 1286 3171 de
1303 3105 1383 3190 lega³

298 3200 423 3262 tionibus
434 3203 508 3263 male
521 3204 601 3275 actis,
616 3203 662 3263 vel
673 3204 837 3283 hujusmodi
851 3203 913 3264 aliis
927 3205 1050 3285 publicis
1065 3206 1159 3265 causis
1172 3207 1286 3284 scripta
1305 3193 1382 3264 sunt.¹

297 3293 400 3353 Tertia
413 3308 534 3356 caeteras
552 3317 652 3356 omnes
666 3298 819 3377 complexa
832 3309 887 3369 est,
907 3317 973 3376 quae
994 3296 1031 3356 ad
1052 3297 1166 3367 tutelas,
1186 3292 1381 3369 hereditates,

297 3401 483 3463 mercaturas,
505 3403 593 3471 atque
616 3391 647 3450 id
671 3411 763 3470 genus
783 3392 897 3472 privata
919 3390 1093 3450 commercia
1120 3391 1250 3450 attinent.
1304 3389 1383 3450 Haec

268 3525 270 3532 ,
299 3481 374 3539 enim
392 3483 518 3554 tertium,
533 3485 772 3562 quemadmodum
786 3485 903 3565 publica
916 3477 1083 3556 secundum,
1097 3483 1261 3544 locum'sibi
1279 3477 1384 3544 merito

297 3573 460 3633 vendicant.
474 3593 540 3634 nam
554 3576 628 3635 sicut
641 3576 753 3656 privata
766 3575 899 3658 publicis,
913 3575 952 3636 ita
959 3577 1070 3652 judicia
1083 3596 1147 3636 esse
1160 3575 1296 3637 inferiora
1310 3576 1383 3636 deii-

297 3665 492 3726 berationibus
503 3667 621 3727 debent.
635 3669 740 3748 quippe
752 3690 820 3746 cum
832 3667 942 3745 judicia
955 3670 1022 3742 sint,
1034 3681 1100 3749 quae'
1113 3687 1171 3727 non
1181 3679 1239 3728 tam
1253 3688 1300 3747 ea,
1316 3661 1383 3748 quai

295 3773 333 3816 ‘ex
347 3758 470 3836 iegibus,
481 3780 568 3838 quam
586 3779 653 3838 quae
674 3780 709 3820 es
726 3761 981 3822 deliberationibus
995 3763 1152 3822 constituta
1169 3769 1247 3832 sunt,'
1262 3762 1287 3822 si
1301 3762 1382 3822 recte'

297 3859 444 3928 gerantur,
466 3851 631 3922 honoribus,
651 3853 778 3925 simale,
800 3855 890 3934 poenis
914 3855 992 3914 cives
1012 3853 1161 3913 afficiant·
1189 3853 1262 3914 Tres
1282 3867 1381 3916 autem

295 3941 342 4000 itae
354 3951 450 4019 partes
465 3942 590 4002 diversas
604 3943 753 4022 lectiones,
767 3965 832 4022 quae
845 3946 874 4003 in
888 3956 1027 4004 contextu
1038 3945 1175 4006 asterisco
1186 3957 1292 4005 notatae
1302 3952 1382 4020 aunt,‘
1433 3955 1437 3964 '

295 4050 360 4092 suas
372 4053 495 4113 quaque
508 4035 536 4092 in
558 4035 639 4096 calce
657 4035 798 4114 repositas
812 4036 908 4096 habet.
951 4035 1057 4096 Errata
1069 4057 1147 4108 vero,
1159 4057 1224 4116 quae
1237 4037 1312 4099 inter
1327 4059 1380 4098 cx·

296 4125 459 4185 cudendum
473 4127 630 4205 contigere,
649 4126 678 4186 in
693 4128 775 4194 calce
793 4127 885 4189 tertiae
900 4128 996 4188 omnia
1015 4129 1140 4189 omnium
1154 4129 1278 4209 partium
1297 4118 1382 4190 resti-³

295 4220 406 4279 tuenda
418 4219 589 4280 curavimus.
609 4219 723 4279 valete.
1379 4220 1384 4235 '
