3150 5125
180 415 185 423 ·
291 388 403 497 ‘lxxx
563 411 567 419 “
686 430 687 433 ¹
766 396 791 457 l.
812 396 1005 462 Tainour
1071 459 1074 466 ,
1149 412 1155 425 ’

322 544 368 621 git
390 542 490 605 saluus
512 544 604 606 ratio:
625 565 726 609 rerum
746 551 795 627 qui
815 550 875 611 otio
888 562 918 610 et
932 550 1121 611 diuturnitate
1140 548 1221 629 pacis
1240 548 1364 613 nimium
1380 570 1423 615 ue

316 636 400 715 ,passi
417 646 484 697 sunt
505 656 697 701 marcescere.
739 641 782 701 Hi
800 642 888 722 igitur
898 643 1047 705 Orationis
1061 643 1144 722 quasi
1163 643 1286 705 admotis
1299 646 1420 707 facibus

322 741 405 791 erant
420 731 627 793 inflammandi.
668 736 753 796 Alios
773 756 882 809 runos,
903 738 953 815 qui
975 737 1045 796 licet
1066 736 1284 799 Macuoourar
1306 738 1417 800 linibus

314 824 455 903 proximi,
465 825 631 885 incendium
641 836 738 890 tamen
750 830 828 890 istud
838 831 967 892 omniurn
977 830 1157 891 fortunarum
1170 843 1222 893 aut
1234 854 1294 893 non
1303 834 1416 906 videre,

315 928 372 977 -aut
395 936 452 976 uon
475 918 547 977 satis
568 938 622 997 pro
645 924 846 999 magnitudine
868 923 990 1003 periculi
1017 923 1120 984 timere
1142 924 1327 986 videbantur.
1366 926 1413 985 Hi

318 1010 472 1091 prudentia
481 1022 513 1071 et
525 1012 602 1071 omui
616 1015 800 1075 consiliorum
813 1018 984 1077 salubritate
995 1028 1079 1077 erant
1093 1018 1307 1100 commonendi.
1346 1018 1414 1077 Do·

319 1104 360 1163 mi
381 1104 468 1165 Cives
491 1124 560 1165 suos
583 1106 712 1179 edocuit,
733 1129 878 1171 summum
897 1101 970 1189 feip.
983 1129 1049 1170 esse
1062 1110 1235 1188 presidium,
1254 1111 1413 1189 siquando

319 1214 421 1255 eorum
439 1198 549 1257 animos
567 1198 766 1261 aPrsrtreeo
782 1202 939 1263 abaliermi
960 1202 1110 1274 sentirent,
1124 1222 1245 1282 quorum
1265 1203 1366 1281 opibus
1379 1213 1414 1262 et

318 1289 445 1349 amicitia
457 1288 537 1350 istius
551 1290 619 1351 olim
640 1293 731 1353 crevit
745 1293 921 1354 deminutio:
941 1295 1169 1355 subveniendum
1184 1314 1250 1355 esse
1263 1294 1290 1355 ei
1304 1314 1416 1375 oppor-

317 1381 438 1441 tunitate
451 1400 518 1441 cum
532 1384 717 1444 consiliorum
737 1386 909 1458 constantia,
924 1397 987 1445 tum
1007 1387 1095 1447 etiam
1107 1387 1275 1447 maritate
1294 1387 1415 1447 auxilii:

312 1492 415 1553 neque
428 1485 491 1535 tum
509 1475 602 1535 solum
618 1476 777 1537 timendum
791 1498 858 1539 esse
872 1479 1076 1552 Passienum,
1089 1477 1140 1539 ubi
1155 1480 1317 1540 Arrrcsts
1331 1480 1415 1540 iura·

317 1568 398 1644 serit,
409 1587 508 1627 rerum
522 1568 571 1627 ubi
583 1581 634 1629 aut
644 1570 785 1649 oppressis
801 1570 894 1630 Sociis
907 1570 943 1629 P.
952 1572 1000 1641 A,
1009 1584 1061 1631 aut
1074 1573 1216 1652 deceptis,
1226 1583 1280 1633 aot
1290 1591 1413 1651 quoquc

316 1660 407 1719 modo
422 1660 559 1735 disjectis,
573 1661 676 1721 liceret
685 1662 716 1721 id
726 1663 753 1721 ei
762 1663 872 1733 facere,
882 1660 1115 1742 quandocunque
1128 1664 1255 1725 libuerit.
1294 1665 1411 1725 Rursus

318 1772 384 1811 cum
400 1770 580 1814 communem
595 1754 806 1832 rempublicam
816 1754 1022 1814 federetarum
1033 1756 1191 1816 civitatum
1203 1756 1335 1836 Legatos
1347 1756 1410 1817 obi·

315 1854 370 1915 ret,
386 1844 468 1922 (quid
488 1844 564 1905 enim
586 1846 665 1905 aliud
678 1847 844 1922 judicemus
865 1846 991 1917 Gentes,
1010 1848 1076 1907 loco
1089 1848 1219 1927 quidem,
1231 1849 1356 1909 moribus
1375 1860 1411 1909 et

312 1935 426 2014 imperii
447 1956 557 2013 genere
577 1938 703 2029 dissitus,
717 1938 787 1999 belli
807 1948 906 1999 umen
925 1940 1049 2011 fortuna,
1069 1941 1266 2002 et-libe'rtctis
1289 1941 1411 2001 nocido

315 2031 573 2107 conjunctissimas,
587 2052 675 2111 quam
688 2032 796 2093 faciem
809 2032 953 2111 quandum
973 2044 1005 2094 et
1023 2034 1146 2111 liguram
1165 2035 1237 2113 reip.
1246 2035 1273 2111 l)
1292 2034 1408 2093 univer·

314 2142 363 2183 sos
372 2142 456 2203 peres
471 2143 535 2183 esse
548 2142 634 2202 posse
649 2124 789 2195 docebst;
803 2124 951 2205 dispersos
962 2125 1071 2196 militia,
1083 2136 1135 2185 aut
1146 2122 1296 2187 discordds
1309 2125 1407 2185 consi·

312 2218 368 2288 liis,
384 2228 434 2277 aut
447 2218 543 2277 animo
556 2218 664 2279 fractos
677 2220 840 2279 testabatur
852 2219 1007 2298 perituros.
1046 2219 1190 2279 Omnibus
1201 2230 1296 2279 autem
1306 2217 1408 2297 palam

314 2312 461 2381 edicebat,
474 2330 562 2370 unam
576 2331 640 2371 esse
654 2332 721 2373 com
733 2312 897 2373 Prtrnrrro
906 2312 987 2391 pacis
1000 2312 1152 2384 rationem,
1167 2332 1231 2373 eam
1242 2330 1359 2387 nempe,
1371 2310 1407 2369 in

311 2422 374 2481 qua
386 2404 434 2461 ille
448 2422 507 2461 non
524 2403 658 2462 hostilem
679 2405 804 2465 animum
818 2405 990 2483 deponeret,
1011 2405 1246 2484 voluntatemque
1266 2401 1406 2473 nocendi,

313 2514 413 2553 rerum
428 2496 517 2554 etiam
530 2495 707 2557 facultatem.
749 2497 853 2565 Quid?
885 2498 958 2571 Nos,
983 2518 1059 2576 quos
1082 2498 1213 2559 conditio
1238 2509 1403 2576 temporum

310 2587 438 2646 fortunae
453 2589 579 2668 quadam
598 2589 780 2652 similitudine
793 2610 870 2670 pene
889 2591 1044 2661 conclusit,
1057 2610 1133 2652 cone
1148 2611 1257 2653 morum
1270 2589 1404 2651 consilio·

308 2701 413 2741 rumve
433 2682 580 2762 disjungat
604 2683 823 2744 inconstantia?
864 2685 953 2743 Anne
976 2682 1087 2742 minora
1107 2701 1144 2742 ea
1166 2683 1404 2752 existimabimus,

311 2781 491 2852 majestatem
512 2777 690 2856 reipublicae,
712 2778 836 2837 salutem
849 2773 973 2842 Civium,
987 2771 1153 2851 presidium
1168 2773 1330 2844 Sociorum,
1340 2773 1405 2832 viu·

312 2869 402 2929 dicias
418 2867 585 2938 Libertatis,
600 2888 687 2945 quam
708 2867 728 2924 ii
747 2866 818 2924 olim
837 2863 1049 2936 existimarunt,
1061 2863 1163 2941 quibus
1183 2863 1275 2942 gloria
1295 2875 1327 2922 et
1347 2885 1403 2924 au·

312 2960 448 3020 ctoritate
468 2959 578 3035 imperii
599 2977 659 3017 non
676 2956 816 3025 cedimus,
840 2953 981 3014 felicitate
1009 2968 1040 3014 et
1065 2955 1182 3015 fortuna
1206 2957 1403 3034 superamus?

310 3053 382 3112 Non
404 3071 457 3131 per
475 3051 549 3120 illos,
564 3051 613 3128 qui
634 3050 664 3108 in
685 3048 749 3108 soie
765 3049 1004 3120 Caunosrusr,
1019 3047 1203 3107 multitudine
1216 3047 1334 3127 quidem
1349 3067 1403 3127 op.

309 3144 413 3225 pressi,
428 3141 528 3202 animis
541 3140 650 3214 invicti,
670 3159 724 3218 pro
745 3140 892 3200 communi
912 3139 1047 3201 libertate
1069 3139 1193 3200 Greciae
1215 3139 1402 3200 ceciderunt!

199 3267 211 3290 .
310 3237 380 3296 Non
395 3253 448 3314 per
461 3233 534 3304 illos,
552 3233 643 3312 quiin
658 3233 901 3305 Durrtsorrrsst,
914 3233 1080 3297 melioribus
1101 3232 1245 3312 auspiciis,
1260 3232 1400 3312 regioque

308 3330 412 3400 ductu,
431 3346 614 3387 communem
628 3327 775 3388 Eunorm
786 3327 902 3386 hostem
913 3325 1069 3386 fortissime
1082 3326 1265 3404 repulerunt!

350 3421 455 3480 Taedet
470 3419 515 3480 'fe
534 3419 652 3480 forsitan
674 3417 836 3499 prolixioris
859 3416 1007 3478 Orationis
1029 3428 1153 3477 nostroe:
1188 3417 1280 3477 tedet
1299 3417 1398 3488 etiam,

308 3527 390 3596 puto,
405 3515 540 3595 quoniam
554 3525 697 3593 occupata
710 3523 756 3573 est
770 3512 802 3571 in
813 3510 999 3572 recensendis
1012 3510 1083 3570 'fuis
1095 3510 1253 3572 virtutibus.
1293 3509 1410 3571 Paucis·

305 3621 408 3669 tamen
427 3607 627 3687 repetendum,
637 3618 775 3686 quantum
789 3605 837 3664 vel
851 3624 889 3664 ex
901 3603 1019 3664 summis
1030 3603 1163 3664 laudibus
1175 3604 1229 3664 sibi
1238 3608 1304 3678 jure
1317 3621 1399 3662 arro·

308 3713 360 3781 get
365 3713 535 3761 tenerorum
548 3699 728 3779 ingeniorum
748 3696 950 3768 conformatio,
964 3707 1052 3776 utque
1065 3696 1235 3766 eccultus,
1248 3715 1307 3773 qus
1316 3697 1400 3773 juve·

307 3815 377 3862 num
400 3792 486 3854 animi
500 3792 649 3870 linguntur
662 3792 702 3851 ed
723 3810 840 3850 omnem
861 3789 989 3869 speciem
1008 3800 1096 3867 atque
1119 3789 1323 3848 excellentiam
1340 3787 1398 3846 vir.

307 3889 389 3950 tutis.
429 3887 535 3964 Neque
548 3887 624 3946 enim
638 3885 694 3946 ista
706 3882 911 3944 commentatio
924 3883 962 3940 ab
983 3879 1118 3952 etfama,
1132 3881 1270 3958 quamde
1285 3881 1399 3940 Dario·

308 3999 438 4041 eruens
452 3979 630 4058 accepimus,
642 3997 737 4056 neque
748 3997 766 4034 a
781 3976 852 4034 Tuis
866 3974 994 4032 moribus
1014 3973 1189 4043 abhorrebit,
1204 3993 1300 4052 neque
1313 3972 1397 4033 deni·
1424 4040 1429 4046 ,

306 4094 363 4153 que
374 4075 410 4133 ab
425 4071 521 4131 indole
532 4071 613 4130 istius
622 4070 688 4140 loci,
703 4069 781 4128 unde
795 4069 849 4126 has
858 4067 957 4126 literas
969 4065 1009 4124 ad
1020 4065 1064 4125 Te
1075 4065 1161 4136 dedi,
1181 4066 1231 4127 ubi
1245 4087 1311 4126 usus
1324 4085 1397 4126 saue

306 4179 406 4226 noster
420 4175 451 4224 et
471 4163 659 4224 commoratio
673 4165 755 4222 istam
773 4161 877 4218 saltem
891 4158 995 4217 adtulit
1005 4159 1219 4236 jocunditatem
1237 4160 1396 4233 memorie,

307 4267 340 4315 ut
351 4258 488 4336 plurimos
501 4254 802 4336 prestantissimorum
820 4250 1002 4327 ingeniorum
1022 4250 1134 4312 fructus
1147 4253 1252 4331 partim
1273 4253 1304 4311 in
1323 4252 1397 4332 opti-

307 4367 383 4406 mum
396 4368 475 4426 spem
491 4358 695 4417 maturescere,
708 4343 813 4423 partim
830 4344 892 4419 jam
908 4361 928 4402 a
947 4362 1009 4422 rep.
1024 4345 1142 4422 decerpi
1160 4345 1307 4417 sentirem,
1321 4363 1397 4422 quos

307 4437 371 4516 ipse
384 4451 540 4500 nostrorum
557 4439 706 4500 bominum
728 4454 798 4495 cura
818 4445 850 4494 et
869 4435 1022 4516 preceptis
1046 4447 1195 4498 consertos
1214 4449 1246 4497 et
1264 4437 1399 4502 excultos

304 4547 370 4596 asse
388 4530 572 4594 recordabar.
