3150 5125
285 374 315 433 lx
372 366 383 389 '
612 366 865 430 HIERONYMI
884 364 1038 429 women

287 530 407 588 summm
424 522 581 605 iniquitatis
598 534 654 585 est.
692 526 765 605 Ego
778 536 870 596 cette,
883 523 984 586 volens
996 519 1124 602 quidem,
1141 516 1254 579 nullum
1271 514 1382 590 folium

288 616 465 699 pretermisi,
476 616 544 695 quin
563 616 627 697 ipss
646 630 713 697 post
731 617 803 679 alios
821 614 1131 684 omnesemendsrem,
1149 609 1204 670 sed
1220 605 1377 686 impumut

287 710 329 771 illi
344 709 501 789 Cyclopes,
512 709 585 768 'dum
598 728 655 788 ego
673 710 784 788 relego,
806 719 837 769 et
855 727 943 787 quam
961 702 1175 767 accuratissime
1195 699 1308 778 corrigo
1327 714 1380 769 aa,

289 822 355 882 qum
366 800 526 880 Oporinum
538 800 623 861 vario
637 802 714 861 curis
728 802 910 875 dirmetum,
922 811 954 859 et
973 808 1152 859 correctores
1163 812 1266 875 parum
1284 802 1381 851 atten-

290 905 335 954 tos
361 892 569 972 preterierant,
594 892 757 973 imprimere
786 892 959 956 mendosum
985 890 1152 970 exemplum
1179 886 1384 965 perrexerunt.

292 986 339 1045 Its
351 984 420 1043 mibi
441 996 472 1044 at
490 984 572 1045 labor
588 984 684 1065 periit,
707 996 736 1045 et
757 984 931 1045 existimatio
953 1000 1019 1045 mea
1038 982 1134 1061 eulpae
1153 978 1256 1039 alim
1276 992 1382 1055 ponus

292 1095 369 1155 sepe
382 1076 453 1137 dare
467 1076 590 1155 cogitur.
604 1080 683 1136 ἀλλὰ
697 1084 785 1136 ταῦτα
798 1078 851 1156 μὲν
862 1077 911 1149 ἔξω
924 1085 974 1147 τῆς
987 1074 1145 1141 ὑποθέσεως
1157 1074 1190 1130 oh
1204 1074 1259 1148 γὰρ
1272 1071 1385 1129 horolo-

294 1172 363 1243 γίαν
381 1168 506 1247 γράφειν,
523 1170 604 1227 &aaa
620 1174 653 1250 τῇ
667 1168 868 1251 φιλανθρωπίᾳ
889 1168 1180 1228 manumittas
1200 1162 1383 1241 προειλόμην.

295 1258 339 1319 Ut
358 1258 446 1336 igitur
460 1258 497 1320 ad
515 1260 674 1320 institutum
695 1262 823 1334 redeam,
835 1262 860 1320 si
873 1261 1104 1319 Demosthenem
1116 1261 1246 1314 nostmm
1259 1250 1386 1331 pullaet

295 1350 394 1409 lacera
407 1360 477 1428 toga
490 1351 621 1411 indutum
642 1352 763 1423 videbis,
785 1354 896 1432 cogites
918 1352 1014 1422 velim,
1038 1369 1105 1410 eum
1128 1365 1258 1407 eversam
1280 1343 1386 1421 lugere
1436 1339 1440 1343 “

295 1442 426 1523 patriam,
441 1454 473 1502 et
490 1442 521 1502 iu
535 1443 694 1522 peregrinis
708 1445 813 1504 linibus
833 1445 948 1505 exulem
961 1456 993 1504 et
1005 1441 1170 1507 mendicum
1189 1440 1385 1505 oberrantem,

296 1535 433 1614 quicquid
451 1535 545 1606 detur,
564 1536 638 1615 requi
659 1536 785 1615 bonique
805 1536 915 1596 facere.
956 1540 1023 1603 Qua
1035 1537 1074 1595 de
1093 1554 1126 1593 re
1138 1541 1260 1592 venusta
1271 1528 1322 1587 illa
1334 1537 1388 1586 tua
1449 1598 1456 1605 ν

297 1626 393 1705 figura
412 1628 585 1697 admonitus,
600 1646 708 1704 paucos
722 1628 880 1688 versiculos
900 1628 966 1699 lusi,
982 1627 1076 1686 Musis
1096 1637 1127 1684 et
1143 1622 1281 1702 Apolline
1294 1618 1387 1690 nullo,

298 1716 393 1775 fateor
407 1717 550 1793 equidem,
564 1718 617 1776 sed
630 1735 649 1776 s
660 1719 809 1796 proposito
828 1730 926 1777 mmeu
945 1728 1045 1777 nostro
1065 1736 1124 1776 non
1143 1715 1264 1775 alienos.
1305 1711 1389 1770 Hae·

299 1814 381 1865 tenus
395 1807 611 1867 Demosthenes
629 1806 888 1887 βεβαρβαρωμένος
910 1808 1068 1887 (atrides)
1088 1811 1202 1889 χρόνιος
1222 1808 1261 1863 ὧν
1274 1804 1304 1862 ἐν
1317 1800 1390 1875 βαρ·

302 1896 413 1977 βόροις,
433 1899 678 1977 quemadmodum
699 1898 873 1979 Euripidem
892 1899 941 1959 ille
956 1899 1133 1959 Menelaus:
1153 1897 1229 1958 adeo
1243 1906 1276 1954 ut
1289 1891 1390 1971 λιτιέρι

255 1996 257 2001 ’
302 2012 354 2061 σην
367 2009 472 2049 cauere
485 1990 591 2069 potius,
605 2010 691 2070 quam
706 1994 852 2061 ἀττικίζειν
864 1992 1006 2051 viduetur.
1048 1990 1109 2052 Sed
1129 2000 1163 2048 tu
1182 2006 1237 2067 pro
1257 1983 1392 2045 humaui·

299 2090 359 2141 tate
373 2090 432 2152 tus,
448 2092 479 2141 et
488 2082 636 2162 discipulo
649 2093 680 2142 et
697 2083 836 2161 magistro
852 2084 1007 2162 ignoscas:
1028 2093 1059 2141 et
1072 2092 1239 2158 utrumque,
1259 2074 1390 2145 uttacis,

303 2174 535 2233 commendatum
558 2174 688 2234 habebis.
728 2175 814 2248 Vale,
834 2175 966 2235 Luteciae
987 2174 1171 2243 Parisiorum,
1187 2176 1235 2232 19.
1250 2167 1391 2246 Augusti»

305 2266 394 2325 Auno
409 2270 496 2327 1550.

358 2442 407 2499 Ad
418 2443 517 2501 aohites
530 2452 558 2500 et
571 2444 726 2520 magnificos
739 2446 822 2515 viros,
837 2447 942 2504 uirtute
955 2456 984 2504 et
997 2446 1148 2526 autoritate
1159 2448 1331 2523 prostrates,

336 2544 500 2604 Hammeum
514 2546 731 2624 Rechliugerum,
748 2546 969 2626 christophorum
983 2548 1181 2628 Peitingerum,
1196 2545 1369 2605 dssasviros:

393 2651 431 2708 Et
442 2653 479 2708 od
493 2651 621 2709 comum
634 2670 666 2710 oc
680 2651 811 2709 Senatum
824 2653 929 2728 inclyto
942 2655 1111 2729 Augusteum
1124 2650 1310 2725 Reipuhhcoe:

456 2755 587 2815 Dominae
604 2777 636 2815 oc
651 2765 784 2833 patronos
797 2776 900 2817 summo
918 2756 1091 2814 obseruantia
1111 2755 1242 2821 colendos,
1361 2740 1364 2745 ¹

571 2896 903 2972 HIERONYMI
931 2892 1135 2973 WOLFll

508 3045 545 3101 Iu
565 3045 771 3104 Demosthenem
785 3054 813 3104 et
827 3047 979 3106 AEschioem
993 3045 1191 3104 Grecolots'aos

736 3147 966 3222 fossario.

354 3303 389 3362 Ss
411 3312 491 3361 tauta
510 3313 587 3360 esset
608 3301 637 3359 iu
656 3321 704 3361 me
725 3303 863 3382 sapientis
882 3303 1054 3382 eloquentiae
1067 3302 1201 3375 facultas,
1215 3305 1266 3363 viri
1285 3307 1399 3385 amplis·

313 3395 386 3466 simi,
395 3393 500 3453 domini
512 3407 542 3454 et
555 3395 668 3473 patroni
682 3395 806 3466 colendi,
818 3407 958 3472 quantum
973 3395 1057 3453 studii
1070 3406 1102 3453 et
1115 3396 1222 3456 laboris
1235 3397 1272 3456 ab
1283 3399 1398 3457 ineunte

315 3497 402 3545 aetate
420 3487 450 3544 iu
470 3487 547 3544 hunc
567 3507 658 3566 usque
675 3489 753 3546 diem
773 3487 907 3546 conferre
928 3486 1035 3546 ineam
1049 3507 1111 3545 rem
1131 3508 1278 3569 nunquam
1292 3490 1397 3560 destiti,

314 3579 385 3638 nihil
399 3579 476 3657 prius
490 3579 557 3638 mihi
572 3592 659 3666 esset,
672 3590 721 3638 aut
734 3580 825 3657 magis
839 3598 878 3637 ex
897 3578 989 3637 officio
1002 3599 1078 3652 meo,
1094 3601 1180 3659 quam
1194 3594 1318 3641 vestram
1332 3601 1400 3659 erga

315 3689 363 3729 me
375 3671 598 3731 beneficentiam
619 3671 778 3742 celebrare,
792 3681 822 3728 et
829 3670 916 3746 justis
926 3670 1028 3730 efferre
1041 3672 1175 3731 laudibus
1189 3693 1254 3732 cum
1265 3695 1325 3742 vos,
1341 3686 1399 3731 tum

316 3761 537 3840 Rempublicam
558 3773 690 3821 vestram.
740 3762 838 3833 Nunc,
860 3783 926 3822 cum
947 3763 1089 3842 sapientia
1107 3764 1165 3822 Dei
1179 3765 1287 3822 donum
1307 3766 1353 3835 sit,
1373 3775 1402 3823 et

316 3865 455 3925 oratores,
469 3865 502 3912 ut
515 3863 545 3912 et
556 3866 661 3932 poete,
675 3876 733 3914 non
747 3867 807 3914 tam
821 3855 901 3926 fiunt,
919 3875 1006 3932 quam
1028 3865 1199 3913 nascantur:
1220 3874 1287 3916 meo
1300 3877 1347 3915 me
1361 3859 1402 3934 (ut

317 3946 478 4026 prudenter
492 3945 631 4004 Horatius
644 3946 793 4024 precepit)
814 3946 933 4006 modulo
954 3964 990 4004 ac
1010 3946 1087 4023 pede
1107 3947 1239 4018 metiens,
1258 3948 1327 4007 uihil
1347 3940 1401 4007 tale

319 4035 417 4096 conari
430 4037 541 4096 audeo:
564 4055 629 4095 cum
643 4038 803 4115 praesertim
817 4050 913 4096 vestra
926 4039 1003 4106 urbs,
1017 4047 1078 4095 loto
1091 4047 1230 4097 terrarum
1245 4041 1315 4100 orbe
1328 4043 1401 4101 cele·

319 4131 388 4201 bris,
411 4148 507 4208 neque
527 4129 607 4200 meis,
628 4149 725 4208 neque
745 4133 915 4208 cujusquam
936 4128 1053 4187 alterius
1074 4133 1227 4207 preconiis
1249 4143 1354 4211 egeat:
1376 4143 1402 4191 et

319 4213 452 4302 coapto
471 4233 566 4281 vestra
587 4221 737 4299 sapientia,
759 4239 875 4279 omnem
896 4219 979 4279 officii
1002 4220 1139 4292 fructum,
1164 4223 1257 4302 ipsum
1280 4223 1401 4282 officium

318 4315 459 4398 preclare
468 4313 615 4388 judicetis.
658 4310 734 4372 lllud
747 4321 861 4372 tautum
876 4311 952 4380 dico,
967 4323 1062 4371 vestra
1075 4312 1246 4378 liberalitate
1266 4325 1297 4372 et
1311 4314 1401 4371 muni.

323 4405 440 4464 licentia
453 4407 481 4465 id
497 4406 565 4464 mihi
580 4397 745 4484 contigisse,
759 4405 837 4482 quod
851 4403 888 4462 ab
902 4404 1020 4463 ineunte
1041 4415 1139 4474 aetate,
1160 4425 1221 4484 prae
1238 4404 1301 4463 aliis
1323 4406 1403 4464 rebus

323 4497 463 4568 omnibus,
481 4499 511 4558 in
525 4499 598 4559 votis
620 4517 735 4577 semper
753 4497 849 4570 habui,
863 4497 954 4556 otium
968 4497 1216 4576 philosophicum:
1237 4495 1266 4554 in
1280 4517 1337 4573 quo
1351 4519 1400 4557 nec
