3150 5125
303 398 365 452 ixx
577 384 646 447 10.·-
656 382 878 447 nunonem
898 382 1118 445 PBAEFATIO

301 539 453 601 docturum
467 558 615 601 sermones
627 541 1009 621 semperoontemserimus,
1022 550 1054 601 et
1064 549 1191 601 nosuem
1202 538 1392 601 incicerone

300 633 481 695 emendando
502 633 671 695 industriam
691 634 786 695 doctis
806 634 939 695 omuibus
958 635 1202 714 prohetam'esse·
1209 645 1391 712 compertum

299 725 468 801 hubeemw
481 726 522 787 ita
541 726 679 804 religioni,
701 737 734 785 ut
748 726 818 799 dixi,
828 725 879 786 ‚im
889 729 947 787 hec
967 725 1283 797 editioue‘fuimus,·ut
1294 726 1397 785 lector·

299 816 519 880 hoosibicerto
532 818 701 897 promittere
715 829 813 897 queat,
827 817 1101 888 ot·Demostbenent
1120 816 1259 888 omnium,
1271 814 1396 896 quiun-¹

299 924 397 987 quam·
407 908 477 969 editi
501 920 576 981 sunt,
592 910 864 983 emendatissimum,
878 907 1027 970 Gulielmi·
1039 908 1168 980 Moralii,
1183 909 1387 971 {eburonati
1409 955 1419 964 ,

300 1020 402 1080 opere,
411 1001 640 1063 nonnihil-etiam
654 1022 729 1075 mea,
742 1002 820 1082 quod
832 1002 994 1081 quidem‘iu
1006 1020 1174 1061 meameuu
1183 1000 1249 1073 luit,
1263 1022 1341 1063 numo
1353 1023 1387 1063 se

299 1112 364 1153 esse
375 1093 521 1173 adeptum,
531 1105 564 1153 et
577 1094 647 1153 nihil
660 1105 767 1165 tamen,
782 1093 862 1173 qnod
874 1094 1027 1174 quisquam
1039 1093 1087 1153 rel
1098 1093 1385 1163 malevolentissimus

298 1184 441 1251 criminari
453 1186 554 1264 possit,
565 1186 595 1245 in
609 1206 646 1244 eo
660 1204 724 1246 esse
738 1186 929 1247 immutatum.
960 1186 1039 1245 llaec
1051 1195 1092 1257 te,
1103 1185 1206 1254 lector,
1218 1184 1294 1245 scire
1307 1186 1385 1265 vplui

297 1278 465 1357 priusqusm
489 1278 779 1339 :td-Demosthenem
800 1278 957 1355 legendum
976 1289 1058 1337 tuum
1076 1276 1206 1335 studium
1220 1278 1385 1337 conferres.

299 1368 562 1449 Siqua-operarum
573 1380 668 1431 errata
676 1380 752 1442 sunt,
760 1369 886 1430 alienam
896 1370 1012 1449 culpam
1021 1380 1158 1447 prestare
1168 1388 1228 1427 non
1236 1369 1385 1429 debemus.

298 1460 379 1521 Vele'
393 1462 492 1523 etheo
504 1462 604 1523 labore
617 1462 739 1523 fruere·
764 1461 901 1521 liutetie·
910 1481 988 1523 enno
1006 1461 1072 1523 clo.
1082 1461 1128 1523 Io.
1141 1460 1240 1523 Lxx.
1256 1461 1383 1523 Kalend.

298 1551 399 1613 Febr:-

393 1734 465 1813 10.
492 1738 833 1815 BENENATUS
860 1738 1310 1815 TuPOGRAPHUS-

300 1880 303 1974 J
781 1876 902 1950 meroe.

199 2054 202 2063 ,
337 2005 412 2067 eon
425 2004 576 2067 duodecim
589 2007 694 2068 abhinc
704 2027 794 2069 annos
804 2008 967 2068 Gulielmus
982 2006 1125 2067 Morelius
1140 2008 1383 2087 Demosthenem,

295 2100 578 2159 erutorumomoium
586 2098 673 2161 facile
686 2102 856 2181 principem,
870 2100 947 2181 typis
956 2100 1095 2161 mundare
1109 2100 1250 2179 eoepisset,
1262 2113 1293 2160 et
1306 2101 1383 2160 benc

295 2189 451 2251 editionem
464 2193 587 2271 primum
601 2193 758 2253 turbulenti
778 2192 943 2273 reipublice
961 2204 1068 2265 motus,
1086 2191 1221 2271 bellaque
1239 2192 1382 2261 intestina,

295 2292 326 2341 et
339 2282 489 2343 difficultas
500 2284 543 2343 rei
560 2283 706 2345 familiaris
726 2305 765 2345 ex
784 2285 867 2345 malis
886 2285 1085 2345 communibus
1101 2295 1178 2356 neta,
1192 2284 1390 2364 intermittere<

295 2374 477 2451 coegissent:
502 2376 608 2436 deiude
629 2382 690 2451 ejus
704 2378 756 2435 viri
777 2397 854 2437 mors
871 2377 1133 2437 breviconeecote
1150 2387 1240 2437 totam
1258 2395 1322 2435 rem
1341 2375 1384 2435 ita

294 2464 470 2543 impedisset,
485 2478 517 2525 ut
534 2468 698 2546 perexigua
717 2480 748 2528 et
769 2489 908 2548 perquam
932 2470 1026 2529 tenuis
1044 2489 1110 2549 spes
1133 2474 1194 2545 ejus
1209 2470 1248 2529 de
1267 2469 1382 2546 integro

292 2558 497 2638 aggrediendae
512 2560 735 2644 relinqueretur:
746 2563 830 2622 nobie
843 2564 972 2636 tandem,
983 2581 1060 2622 anno
1073 2563 1233 2641 superiore,
1248 2559 1383 2640 Gregorii

293 2650 482 2712 Natisoneni.
494 2654 530 2714 eh
552 2655 661 2716 lucobo
676 2655 762 2716 Billio
779 2657 915 2728 Brunoeo,
936 2655 968 2715 S.
982 2654 1136 2714 Michaelis
1157 2656 1186 2713 in
1201 2656 1309 2714 Eremo
1330 2655 1383 2714 ab·'

292 2745 371 2817 bate,
386 2747 447 2807 viro
460 2747 551 2808 literis
569 2749 671 2827 graecis
692 2760 722 2810 et
741 2748 847 2819 latinis,
859 2748 996 2824 omnique
1009 2744 1141 2804 doctriua
1153 2745 1264 2804 liberali
1277 2766 1383 2826 perpo-

290 2833 352 2908 lito,
371 2838 401 2898 in
416 2840 536 2900 latinum
557 2859 720 2900 sermonem
734 2840 870 2898 conversi
888 2837 1017 2896 editione
1038 2837 1181 2909 absoluta,
1203 2838 1233 2896 in
1253 2851 1382 2900 mentem

291 2932 382 3000 venit,
396 2931 636 3001 Demosthenem,
651 2929 789 3007 quem'ab
805 2929 937 2988 omnibus
950 2948 1110 3006 graecerum
1124 2929 1273 2991 literarum
1285 2934 1383 2993 studio

291 3022 397 3082 deditis
418 3021 503 3080 valde
524 3022 613 3080 amari
634 3032 723 3099 atque
744 3021 844 3100 expeti
866 3021 1038 3091 sciebamus,
1058 3022 1216 3101 eliquendo
1235 3037 1398 3104 repetere,

290 3118 410 3190 ejusque
424 3113 581 3173 editionem
601 3113 765 3174 inchoatam
780 3114 909 3174 relictam
922 3115 1084 3176 absolvere.
1126 3117 1182 3177 Cui
1200 3119 1281 3178 oneri
1294 3121 1382 3181 susti·

289 3205 387 3276 nendo
406 3223 473 3263 curu
494 3205 630 3264 humeros
652 3215 766 3266 nostms
786 3207 926 3268 invalidos
948 3227 1013 3268 esse
1035 3207 1121 3270 facile
1143 3209 1382 3288 intelligeremus,

289 3297 349 3358 sire
363 3307 474 3357 sumtus
488 3296 518 3354 in
532 3315 569 3360 eo
587 3297 705 3376 negotio
717 3298 881 3372 faciendus,
893 3300 954 3360 sire
967 3299 1123 3360 difficultas
1136 3302 1166 3360 in
1179 3304 1318 3382 exemplo
1333 3325 1380 3364 re·

289 3388 507 3469 cognoscendo,
517 3399 548 3447 et
561 3378 767 3469 scripturorum
777 3393 964 3454 varietatibus
976 3392 1204 3465 considerandis,
1218 3415 1254 3455 ac
1264 3395 1379 3455 scholiis

289 3481 389 3544 ordine
402 3481 597 3561 disponendis,
619 3496 811 3563 spectaretur,
826 3485 966 3546 auxilium
986 3487 1023 3546 ab
1037 3486 1101 3546 eliis
1120 3487 1205 3548 nobis
1218 3489 1378 3567 petendum

289 3575 607 3638 esse'existimurimus.
649 3578 690 3638 Et
711 3580 848 3658 quod'ed
871 3590 997 3640 sumtum
1012 3582 1138 3659 ¹quidem
1161 3583 1274 3656 attinet,
1296 3585 1377 3646 boue

168 3731 175 3740 ⁸
288 3667 398 3742 nodum
411 3687 469 3726 non
483 3679 540 3728 tem
554 3669 624 3741 cito,
638 3689 734 3750 neque
747 3671 832 3732 facile
847 3673 1061 3754 expedivimus:
1082 3675 1174 3735 altera
1192 3688 1291 3736 autem
1305 3679 1377 3738 dilli-

287 3764 380 3826 cultas
393 3783 453 3822 non
472 3763 565 3823 multo
578 3765 669 3826 minor
683 3769 823 3826 restabat:
842 3786 901 3845 qua
910 3768 961 3847 qui
973 3787 1027 3827 nos
1040 3767 1186 3838 libentius,
1198 3780 1251 3828 eut
1264 3770 1377 3831 facilius

287 3859 408 3928 levaret,
428 3877 514 3936 quarn
528 3858 867 3939 Dionysioshambinus,
882 3861 1027 3920 literarum
1047 3879 1210 3938 graecmum
1231 3864 1385 3940 professor

289 3951 411 4031 Regius,
424 3969 483 4009 non
502 3950 679 4012 videbamus.
719 3952 824 4031 ltaque
845 3971 914 4014 oum
937 3953 976 4011 ed
996 3953 1070 4012 eum'
1083 3953 1324 4032 confugissemos,
1338 3949 1391 4016 ab

161 4071 164 4086 ·
288 4063 382 4124 eoque
396 4042 604 4122 petivissemus,
617 4055 649 4102 ut
666 4045 748 4104 nobis
770 4056 854 4104 tanto
874 4043 955 4102 oneri
967 4041 1090 4102 ferundo
1113 4043 1269 4122 imparibus
1289 4067 1376 4126 opem

288 4138 393 4198 ferret:
408 4135 465 4202 ¹ille
476 4135 624 4206 1ιειιιιιίιιιιιι,
637 4155 699 4216 pro
720 4155 774 4196 sue
787 4155 858 4215 erga
876 4155 976 4194 omnes
996 4135 1185 4208 humanitate,
1199 4148 1229 4196 et
1248 4159 1301 4216 pro
1322 4159 1377 4197 suo

287 4231 317 4288 in
329 4229 427 4290 literne
441 4240 472 4290 et
483 4227 631 4286 literarum
649 4227 789 4288 studiosos
800 4247 908 4297 amore,
923 4226 1078 4304 dequibus
1092 4227 1168 4286 bene
1181 4231 1312 4290 merendi
1324 4249 1385 4293 ne-⁴

288 4339 346 4398 que
366 4321 466 4396 finem,
486 4320 832 4399 nequevmodumullum
844 4320 952 4380 ’secere
972 4329 1079 4398 potest,
1100 4321 1228 4398 quamvis
1244 4332 1330 4397 'emet
1346 4322 1376 4379 in

289 4413 351 4476 aliis
370 4415 467 4484 rebus,
486 4414 578 4492 iisque
596 4411 769 4472 difficillimis
788 4424 819 4472 et
833 4411 989 4472 utilissimis
1003 4411 1046 4470 rei
1060 4410 1194 4471 lites-ariae
1206 4412 1313 4472 futuris
1326 4433 1376 4473 oc·

288 4515 419 4584 capetus,
432 4506 649 4586 nohis-opernm
671 4523 753 4566 susm
772 4505 919 4585 pollicitus
932 4515 977 4566 est
998 4503 1220 4584 etpromissurn
1241 4507 1384 4581 essolet.-

1568 1321 1570 1458 l
