3150 5125
374 492 389 502 ,-
517 408 579 471 sn
601 407 953 474 nnuosrrraaaor.
1196 409 1283 473 om

187 562 352 636 mosne,
375 572 408 623 et
428 561 676 625 theoderitus
697 562 900 643 plereqamt
919 558 1137 634 beneneutni,
1152 560 1182 620 in
1197 572 1284 623 orate

187 674 240 735 pro
259 674 368 719 corona
381 668 413 716 et
426 656 464 715 da
477 655 552 717 falas
571 656 662 735 legat.
682 667 844 717 sanutus.
865 656 967 717 multe
984 664 1057 717 sunt
1073 665 1178 733 aperte
1189 654 1283 725 false.

186 761 390 830 testanturque
404 751 615 814 Marklandum
628 751 661 811 in·
670 750 874 811 Demosthene
886 750 979 811 roim
991 743 1149 830 hospitein.
1163 749 1285 809 tricausr

185 842 217 903 in
236 844 429 904 commatibus
449 855 480 903 et
499 844 616 924 punctis
638 855 719 904 reeta
739 844 962 905 coastibsend'u.
978 864 1045 925 quse
1061 862 1110 905 res
1122 842 1212 903 laude
1223 862 1284 901 non

187 946 280 1007 caret,
294 954 401 1014 magne
414 942 514 997 tuneu
533 944 564 996 et
576 936 718 1016 preclara
734 936 835 1015 palma
845 936 980 1015 profecto
998 954 1060 995 con
1077 945 1133 994 est.
1174 933 1285 1011 Taylo·

186 1044 267 1085 ranoe
286 1037 365 1087 uota
383 1038 453 1088 suut
472 1030 559 1089 bonta
572 1027 665 1105 frugis
687 1028 795 1107 plenas.
836 1028 898 1087 Sed
910 1038 1032 1107 apparet
1047 1044 1116 1087 eum
1134 1025 1285 1085 meliorem

187 1134 254 1177 osse
270 1118 344 1196 juris
365 1120 459 1180 Attici
479 1122 680 1200 interpretem,
692 1120 797 1199 inquo
815 1132 933 1198 regnat,
949 1138 1038 1199 quara
1061 1118 1207 1191 critictun,
1230 1137 1285 1177 seu

187 1209 418 1271 emendatorem.
433 1230 492 1290 quo
505 1210 536 1269 in
550 1230 660 1290 genere
677 1229 782 1289 parum
796 1211 886 1282 valet,
900 1220 932 1269 et
951 1228 1037 1288 paene
1057 1208 1286 1269 contemnendus

188 1311 245 1361 ast.
285 1302 374 1363 Note
394 1303 500 1381 cuique
521 1301 642 1363 orationi
661 1301 757 1361 statim
774 1302 928 1377 subjectae,
943 1300 1094 1361 ordiuntur
1113 1302 1152 1360 ab
1172 1318 1288 1359 enarra·
1392 1306 1400 1313 '

187 1392 269 1467 tioue¹
283 1406 520 1473 argumentorum
538 1393 657 1473 singulis
671 1393 834 1471 quibusque
847 1393 1025 1453 orationibus
1042 1402 1244 1464 tractatorum,
1257 1400 1288 1451 et

190 1484 230 1547 ab
249 1471 439 1565 iisdagstioue
456 1486 605 1565 temporis,
622 1504 682 1564 quo
696 1484 789 1544 oratio
801 1503 925 1563 quoque
939 1485 1041 1545 habita
1055 1496 1109 1545 est.
1151 1484 1213 1545 Sed
1228 1486 1289 1563 ple·
1367 1513 1371 1531 ·

190 1595 291 1656 raquo
302 1589 515 1639 consumunmt
528 1578 558 1638 in
568 1577 751 1657 expositione
764 1576 927 1637 lectionum
937 1577 1120 1637 variantium.
1145 1576 1209 1636 Nos
1218 1572 1288 1637 uero

191 1671 336 1730 varimtes
354 1670 393 1731 ab
408 1669 640 1733 annotationibus
659 1669 764 1728 nostris
783 1668 992 1747 separavimus,
1005 1680 1037 1728 st
1053 1668 1196 1748 peculiosi
1215 1668 1289 1729 libre

190 1762 398 1823 conclusimus.
439 1762 535 1821 Miror
555 1762 654 1840 itaque
668 1760 717 1839 qui
731 1759 794 1831 liat,
806 1770 840 1819 ut
853 1759 964 1840 Taylor
975 1760 1121 1819 interdum
1133 1778 1189 1821 πω
1201 1761 1242 1819 ad
1253 1760 1289 1820 li·

190 1854 278 1913 brum
287 1853 455 1913 vatianum
469 1854 598 1933 ableget.
614 1862 646 1912 ut
657 1853 729 1912 fecit
741 1872 772 1932 p.
789 1856 858 1923 143,
871 1855 923 1913 24.
935 1856 1007 1924 588,
1021 1856 1072 1912 38.

145 1984 150 1993 -
196 1976 200 1983 ·
231 1944 364 2005 Gratiam
377 1945 477 2025 utique
488 1963 623 2024 magnam
638 1944 665 2005 ei
678 1942 831 2005 debemus.
843 1945 968 2003 multum
986 1942 1119 2023 profecit,
1132 1942 1242 2002 bonum
1255 1954 1288 2004 et

190 2036 305 2095 firmum
321 2037 394 2112 jecit
416 2038 651 2108 fiundementurn,
669 2036 723 2096 cui
748 2047 816 2115 post
833 2037 983 2095 venientes
1003 2044 1213 2119 superstruaut.
1256 2034 1289 2093 Si

190 2128 285 2188 asinus
298 2128 462 2209 perfectum
479 2129 548 2208 quid
565 2130 659 2200 dedit,
681 2128 783 2207 ecquis
801 2148 878 2189 unua
900 2117 1028 2187 omnium
1048 2128 1108 2187 hoc
1126 2128 1157 2185 in
1179 2147 1289 2205 genere

190 2218 354 2299 perfectum
369 2222 441 2300 quid
453 2222 559 2281 enixus
574 2220 643 2280 est?
664 2221 749 2278 Visus
770 2219 953 2279 monstrarit.
995 2218 1064 2277 Hoc
1076 2216 1145 2277 sat'a
1168 2217 1208 2277 ad
1227 2238 1290 2278 ma·

113 2384 119 2393 ἱ
190 2330 280 2391 guam
288 2313 479 2391 stabilemque
494 2311 628 2391 gloriam.
649 2311 717 2389 Ego
730 2311 803 2389 ipse,
813 2330 988 2390 quamquam
996 2309 1100 2382 mrslto,
1112 2328 1201 2388 quarn
1211 2310 1290 2389 Tay·

190 2404 247 2475 lor,
257 2406 389 2483 processi
397 2406 523 2483 longius,
535 2404 645 2482 optime
660 2412 758 2462 tamen
768 2403 847 2473 novi,
856 2422 944 2483 quana
954 2402 1078 2486 multura
1087 2399 1182 2479 operis
1191 2401 1290 2463 affecti

192 2495 361 2577 reliquerim
381 2496 445 2555 aliie
458 2494 680 2576 perficiendum.
699 2512 756 2553 una
773 2492 924 2555 hominm
944 2505 1017 2554 retas
1036 2505 1127 2553 tantae
1145 2495 1188 2553 rei
1208 2514 1290 2574 pera·

192 2587 300 2667 gendes
313 2587 393 2648 haud
408 2587 522 2648 sufficit.
563 2587 663 2645 Dictio
678 2585 797 2667 Teylori
812 2587 905 2646 htina
923 2586 1004 2647 baud
1022 2587 1132 2667 placet
1150 2589 1295 2663 obscura,-

193 2680 341 2752 affectate,
357 2680 460 2758 putida
472 2689 527 2739 eat
543 2707 547 2716 =
570 2678 631 2738 Sed
644 2679 752 2758 paucas
770 2678 837 2737 aovi
851 2679 973 2757 Anglos,
994 2680 1045 2756 qui
1059 2679 1150 2738 latine
1162 2680 1291 2740 scribere

194 2769 371 2830 didicissent.
412 2770 526 2830 Latinas
542 2770 649 2848 linguae
659 2769 815 2846 neglectus
826 2769 869 2828 illi
882 2771 966 2848 genti
977 2769 1143 2830 commuue
1154 2781 1210 2830 est.
1251 2772 1292 2830 Et
1410 2813 1418 2822 ,

192 2874 293 2922 tsrnen
315 2861 434 2941 Taylor,
452 2861 477 2923 si
498 2861 541 2922 sd
557 2861 628 2921 alios
644 2861 760 2938 Anglos
781 2873 940 2939 spectetur,
961 2862 1058 2921 adbuc
1080 2863 1158 2920 bene
1179 2861 1291 2922 scribit.

193 2952 304 3012 Melius
317 2951 342 3010 si
355 2954 459 3012 scisset
470 2953 573 3022 latiae,
584 2970 664 3031 serpe
678 2971 738 3011 non
750 2950 946 3032 vituperasset
954 2951 1110 3021 Wcllium3
1127 2971 1214 3030 quens
1223 2953 1292 3014 ideo

191 3045 374 3104 solummodo
396 3063 530 3124 persepe
552 3044 743 3104 vehementer
770 3046 923 3124 exam
940 3043 1019 3124 quod
1045 3043 1166 3103 latinam
1192 3045 1292 3106 Wolfii

194 3135 363 3208 dictimern,
375 3137 415 3212 (si
429 3135 528 3196 Wollii
549 3147 604 3207 est,
618 3155 715 3214 eaque
733 3136 830 3214 polius
851 3136 1012 3196 Sebastisni
1029 3135 1214 3207 Castalionie,
1228 3149 1291 3198 ato

194 3227 294 3305 quenti
307 3227 360 3285 riri
370 3227 402 3286 in
418 3227 532 3302 judicio
545 3226 706 3303 latinitatis)
719 3228 827 3287 marn
841 3239 873 3289 et
885 3229 1033 3308 propriam
1043 3228 1107 3307 ipse
1120 3229 1293 3288 nonintelli·

196 3329 291 3395 geret
332 3318 535 3398 Reprehendis
547 3338 612 3398 qus
625 3319 772 3379 reuulsa
785 3321 875 3384 suan
888 3331 996 3393 aaut,
1009 3307 1292 3401 esgnuufqouqos

196 3413 288 3470 bonae
296 3411 445 3472 latinitatis
459 3413 617 3472 admiretus
631 3423 717 3473 emet
759 3413 795 3472 ln
813 3414 1032 3493 antiquitatibus
1045 3415 1233 3475 enucleandis
1247 3429 1293 3477 est

196 3503 316 3562 nimium
330 3504 461 3581 seduluq
475 3504 553 3564 ultra
571 3505 691 3564 modum
705 3503 851 3584 copiosius,
869 3507 966 3567 aliena
984 3516 1016 3566 et
1034 3507 1155 3585 protrita
1173 3508 1293 3586 ingen't,

158 3593 161 3600 “
196 3613 256 3654 non
270 3593 333 3654 sine
347 3594 514 3670 jactetiuae.
555 3595 624 3654 Non
634 3595 704 3655 sads
717 3595 797 3655 trivit
809 3598 1017 3675 metamaucus
1027 3608 1058 3658 et
1071 3599 1234 3659 rhetoricos
1246 3621 1295 3661 va·

197 3697 277 3746 teres
298 3686 528 3746 Demosthenem
548 3687 711 3766 quibusque
732 3687 847 3766 paginis
867 3689 1031 3748 laudentes.
1072 3689 1142 3749 Non
1162 3691 1232 3750 satia
1252 3693 1296 3751 iu·

114 3795 132 3827 -¹
196 3788 326 3839 structus
335 3789 399 3839 erat
408 3777 499 3858 copiis
512 3779 673 3838 leuticorum
686 3777 910 3840 rhetoricorum.
950 3776 1026 3847 Ques
1038 3801 1107 3841 cura
1118 3782 1149 3840 in
1164 3782 1293 3862 Tayloro

97 3920 106 3934 ,
197 3883 278 3945 noto,
296 3874 374 3934 bene
389 3873 508 3932 memini
521 3871 625 3932 eadem
639 3890 724 3950 paene
737 3871 807 3930 milri
825 3873 996 3952 exprobrari
1009 3892 1105 3952 posse.
1145 3873 1301 3952 agonem·

197 3983 295 4046 neque
307 3955 472 4044 perfectum
484 3963 555 4044 quid
569 3962 708 4044 profiteor
725 3964 929 4043 praestiturum,
948 3975 979 4025 et
991 3963 1135 4036 festinari,
1150 3977 1182 4024 et
1201 3984 1220 4024 a
1238 3965 1295 4024 lor·

196 4069 276 4118 tunes
289 4055 429 4137 praesidiis
446 4056 603 4116 derelictus
617 4073 690 4127 aum,
706 4066 737 4114 et
755 4055 813 4116 alis
832 4056 938 4129 habeo,
952 4077 1022 4135 quaa
1039 4076 1189 4117 excusem.
1231 4055 1305 4116 Sed·

118 4191 123 4202 ,
199 4161 300 4231 pergo.
332 4149 468 4229 Persaepe
491 4148 553 4208 sine
574 4167 663 4208 cursa
682 4149 793 4207 bonum
806 4148 947 4208 Wolfium
967 4148 1077 4228 Taylor
1089 4147 1177 4217 ridet,
1198 4159 1297 4221 vexat,

200 4242 343 4321 exagitat,
358 4242 504 4322 objurgat,
518 4241 599 4320 quod
613 4241 761 4319 diligentia
775 4240 969 4320 paedagogica
982 4240 1102 4300 oratoris
1115 4239 1195 4298 locos
1208 4259 1296 4317 quos·
1313 4251 1343 4309 ,”

200 4335 269 4393 daur
281 4333 450 4405 enuclearit,
463 4333 544 4391 velut
557 4333 681 4391 nutrices
695 4332 791 4410 pueris
804 4334 902 4392 omnia
915 4332 1034 4390 minime
1045 4348 1144 4389 manse
1161 4329 1191 4406 in
1206 4347 1238 4389 os
1252 4330 1297 4391 in·

201 4434 315 4504 gerunt·
329 4425 388 4484 Sed
403 4445 439 4485 ea
452 4425 603 4503 diligentie
616 4424 694 4484 utilis
709 4434 739 4483 et
753 4425 971 4502 pernecessarie
981 4435 1037 4493 est,
1047 4433 1078 4482 et
1088 4421 1152 4500 plus
1163 4425 1295 4501 prodest,

200 4533 288 4596 quana
301 4515 486 4597 supercilium
499 4515 692 4596 eliorum‚'qui
706 4515 775 4576 dum
788 4515 949 4597 elegantias
959 4514 1140 4593 nescioquas
1150 4515 1298 4580 abssunas
