3150 5125
307 401 393 471 di'
648 397 818 466 dlElSKil
841 397 1067 466 Panemo
1139 417 1144 422 ·
1240 467 1246 474 ,

307 552 380 622 t'ioui
393 554 454 622 sure
465 552 677 641 praefationem,
696 562 816 622 alteram
830 553 1026 632 nominatus,
1040 575 1098 638 qna
1109 551 1150 618 de
1162 553 1284 636 operas
1296 573 1327 616 aa
1342 553 1414 618 De·

305 647 451 714 mostheni
465 673 483 713 a
497 653 625 714 Mosella
639 654 780 714 derelicto
792 667 897 714 navata
906 654 1026 733 exponit
1034 675 1043 722 ς
1059 653 1178 711 alteram
1192 651 1413 730 nominatypo·

306 749 409 827 graphi
422 748 465 807 lo.
481 747 633 816 Benenati,
643 746 672 804 in
683 765 836 825 quapoene
852 747 955 806 eadem
965 729 1117 814 iterantur,
1130 742 1237 822 additis
1248 743 1406 812 nonnullis,

307 859 374 924 quaa
387 840 425 899 ad
439 838 587 899 historiam
608 839 652 897 sui
664 837 857 916 typographei
877 838 1033 916 pertinent,
1051 836 1122 894 item
1135 835 1175 894 de
1189 833 1290 912 signis,
1303 835 1408 911 quibua

307 943 469 992 nausearet
484 931 627 990 Morelius
645 933 683 989 ad
703 930 925 1009 designandum,
946 930 991 989 vel
1013 928 1132 988 codicrm
1151 926 1372 1006 manuscriptus,
1387 947 1405 986 e

307 1024 413 1101 quibus
426 1023 595 1101 collegisset
608 1023 750 1082 lectiones
764 1019 917 1092 variantes,
937 1022 985 1081 vel
1006 1039 1107 1081 eorum
1120 1039 1173 1080 seu
1186 1020 1332 1091 deiectus,
1350 1039 1406 1080 terr

307 1116 502 1186 accessiones,
532 1116 602 1174 item
630 1115 668 1174 de
692 1115 829 1184 numeris,
854 1114 917 1172 aliis
945 1113 983 1173 ad
1010 1124 1136 1182 textum,
1165 1111 1228 1170 aliis
1254 1111 1297 1170 ad
1325 1131 1409 1171 com-

306 1210 466 1270 mentarios
485 1208 705 1287 pertinentibus.
747 1207 887 1286 Superest
909 1203 1004 1266 adhuc
1025 1205 1091 1275 alia,
1115 1203 1250 1264 Lambini
1271 1205 1406 1283 praefatio

306 1303 449 1381 dignitate
470 1303 572 1381 prima,
594 1320 692 1380 muca
710 1301 834 1380 epistola
849 1299 887 1360 ad
909 1299 1044 1360 Carolum
1058 1297 1115 1358 IX.
1137 1298 1270 1358 Francire
1291 1317 1406 1377 regem,

305 1415 366 1474 qua
380 1395 539 1455 Lambinus
560 1395 588 1453 ei
607 1395 684 1453 hanc
704 1394 862 1454 editionem
878 1391 1006 1454 dedicat.
1046 1390 1103 1450 Illa
1123 1389 1165 1450 sio
1183 1390 1306 1452 orditur.
1340 1395 1406 1451 dro-

306 1493 403 1554 aduror
426 1485 628 1565 ῠΛαμβίνος,
650 1486 861 1560 Μονστρολιεύς
882 1486 1004 1566 Kapo'llp
1021 1487 1059 1564 τῷ
1084 1497 1134 1554 τῆς
1152 1482 1299 1563 Φραγκὶας
1317 1483 1403 1558 βασι·

306 1584 361 1650 hei,
386 1586 442 1640 sris
467 1584 640 1662 χριστιανῦν
662 1575 808 1652 βασιλέων
828 1582 952 1657 μεγίστῳ
972 1599 1002 1636 τε
1024 1577 1071 1634 rrrl
1090 1576 1347 1658 xprcrravrrurdrp
1373 1575 1403 1636 eri

306 1673 446 1747 andriam
487 1672 579 1745 Cujus
591 1680 795 1748 argumentum
809 1669 857 1746 qui
873 1668 951 1728 volet
965 1686 1004 1728 ex
1018 1667 1079 1747 ipsa
1092 1679 1261 1746 cognoscat,
1275 1681 1403 1728 noemam

306 1763 346 1822 ad
359 1782 419 1822 rem
437 1762 514 1821 haud
527 1761 608 1822 facit.
650 1761 842 1822 Proefationes
855 1761 909 1820 has
922 1759 1071 1839 excipiunt
1085 1759 1182 1838 elogia
1196 1761 1402 1822 Demosthenis

305 1856 390 1915 etde
410 1874 448 1915 eo
467 1853 643 1924 testimonia,
658 1873 695 1912 err
714 1854 882 1914 auctoribes
896 1853 1058 1932 grecisque
1077 1852 1232 1931 latinisque
1246 1873 1331 1932 prena
1343 1874 1402 1913 om·

305 1949 390 2007 nibus
410 1947 580 2027 conquisita,
600 1947 718 2006 minutis
736 1946 826 2025 typis,
846 1965 899 2026 per
912 1945 983 2004 folia
996 1945 1107 2023 viginti.
1147 1945 1185 2004 In
1198 1944 1242 2005 bis
1262 1956 1331 2006 sunt
1342 1947 1403 2006 vita

306 2039 517 2100 Demosthenis
537 2059 555 2098 a
573 2039 732 2100 Plutarcho
746 2051 778 2099 et
791 2037 1069 2117 Pseudoplutarchu,
1083 2037 1200 2098 Libanii
1219 2036 1343 2118 epistola
1361 2041 1401 2100 ad

307 2132 467 2201 Montium,
482 2131 604 2191 Luciaui
616 2131 780 2192 encomium
795 2130 1013 2202 Demosthenis,
1030 2128 1163 2209 Dionysii
1177 2130 1328 2191 Haliuam.
1340 2131 1401 2210 epi·

306 2225 384 2284 stola
396 2225 435 2284 ad
450 2228 626 2294 Ammteum,
640 2235 671 2284 et
690 2223 804 2283 infinita
816 2223 873 2282 alia
883 2221 1056 2298 hujusmodi,
1071 2231 1217 2301 postremo
1232 2223 1349 2303 Ulpiani
1362 2224 1400 2284 ad

307 2316 538 2377 Demosthenem
564 2316 782 2393 prolegomena.
823 2316 899 2374 Tum
926 2315 1057 2392 sequitur
1085 2315 1180 2393 ipsum
1204 2335 1312 2395 corpus
1335 2337 1399 2376 ora·

305 2409 427 2478 tionum,
442 2427 509 2492 curn
521 2409 737 2467 commentariis
750 2407 870 2487 Ulpiani
884 2408 922 2466 ad
932 2406 1008 2466 latus
1018 2406 1130 2485 positis,
1143 2407 1193 2487 qui
1203 2411 1400 2469 commentarii

304 2500 362 2560 hac
375 2500 406 2557 in
423 2496 550 2557 editione
565 2487 670 2579 quarta
682 2499 744 2560 fere
757 2511 852 2581 parte,
867 2511 900 2558 ut
913 2509 1060 2558 asseverat
1073 2493 1240 2572 Lambinus,
1256 2503 1398 2563 auctiores

304 2598 382 2663 sunt,
395 2610 482 2669 quarn
493 2590 588 2650 Aldus
599 2610 650 2651 eos
663 2592 805 2653 ediderat.
834 2591 977 2651 Morellus
991 2591 1067 2650 enim
1078 2592 1216 2671 quicquid
1226 2594 1399 2655 scholiorum

304 2684 335 2741 in
357 2684 508 2743 codicibus
525 2682 611 2761 regiis
628 2703 681 2743 seu
695 2683 832 2743 Parisinia
852 2682 1017 2755 invenisset,
1036 2684 1231 2744 immiscuerat
1248 2686 1399 2765 Ulpianeis

305 2777 343 2836 ab
358 2776 433 2836 Aldo
447 2774 545 2846 editis,
560 2777 622 2836 sine
641 2776 700 2835 ullo
713 2776 886 2835 discriminis
900 2786 980 2836 nota.
1022 2776 1110 2842 Quod
1130 2776 1298 2836 dolendum.
1339 2780 1401 2837 De·

304 2870 414 2929 bebaut
426 2872 568 2947 cujusque
582 2868 691 2927 codicis
705 2868 818 2927 scholia
829 2868 950 2927 seorsim
965 2868 1023 2938 cdi,
1036 2880 1086 2927 aut
1099 2868 1196 2937 saltim
1206 2870 1399 2949 scholisque-

304 2982 361 3039 que
375 2961 479 3038 quibus
492 2978 510 3017 e
523 2960 673 3017 codicibus
684 2969 782 3017 essent
794 2970 899 3029 sumta,
915 2960 1005 3037 signis
1018 2972 1070 3020 aut
1084 2961 1180 3021 verbis
1192 2962 1323 3033 indicari,
1337 2981 1398 3021 nou

305 3053 400 3112 bmnia
415 3052 446 3109 in
459 3069 549 3108 unum
564 3052 682 3109 cinnum
701 3050 894 3123 commisceri,
908 3072 974 3111 cum
987 3052 1071 3112 bonis
1087 3053 1193 3113 futilia.
1235 3055 1326 3115 Suum
1340 3054 1400 3115 eui·

304 3164 362 3224 que
372 3143 498 3202 debebat
509 3142 642 3219 relinqui.
670 3143 839 3220 Importuna
850 3155 880 3203 et
890 3146 979 3206 stulta
990 3166 1025 3206 ea
1033 3147 1088 3207 suit
1097 3148 1236 3208 sedulitas
1245 3140 1397 3220 editorum,

303 3238 428 3317 ineptias
453 3249 484 3296 et
507 3254 600 3314 nugas
624 3235 825 3313 frigidissimas
846 3240 1059 3312 accumulandi,
1083 3246 1165 3317 cujus
1186 3242 1265 3303 hunc
1280 3243 1399 3302 serimus

302 3332 442 3399 fructum,
457 3341 491 3387 ut
510 3347 589 3407 saepe
610 3328 749 3388 miremur
774 3331 901 3391 eundem
918 3343 1065 3393 auctorem
1086 3337 1248 3413 pugnantia
1265 3336 1343 3395 inter
1367 3352 1399 3394 se

303 3422 430 3483 tradere.
472 3422 561 3488 Quod
589 3421 654 3480 lieri
681 3441 766 3482 aecus
793 3444 853 3483 non
876 3436 986 3504 potest,
1014 3426 1037 3484 si
1067 3426 1324 3487 diversissimorum
1348 3446 1400 3487 au·

302 3528 417 3575 storum
437 3514 605 3592 fragmenta
626 3514 704 3575 inter
725 3534 758 3575 se
776 3517 1012 3595 compinguntur,
1034 3528 1065 3577 et
1084 3519 1137 3577 sub
1158 3520 1287 3595 ejusdem
1311 3520 1399 3578 seho-

302 3608 395 3666 liastae
408 3606 740 3668 norninevenditantur.1
776 3608 827 3668 sic
841 3610 1038 3671 obtruduntur
1051 3610 1136 3670 alicui
1155 3630 1200 3682 aa,
1218 3630 1286 3689 quae
1305 3610 1398 3671 noluit

303 3701 414 3769 dicere,
429 3710 460 3759 et
473 3700 511 3758 de
525 3700 631 3777 quibua
649 3720 798 3779 nunquam
812 3702 973 3763 somniavit.
1016 3703 1176 3783 Siquando
1190 3704 1349 3781 contingat,
1364 3713 1398 3761 ut

301 3813 356 3853 nos
369 3812 488 3870 quoque
501 3792 611 3852 scholia
624 3793 755 3863 edamus,
771 3793 810 3853 de
825 3813 884 3872 quo
897 3796 1028 3855 nondum
1042 3807 1123 3853 certo
1137 3796 1328 3868 decrevimus,
1342 3795 1398 3870 (in-

301 3885 352 3945 'riti
376 3895 473 3944 autern
498 3885 650 3956 faciemus,
674 3906 741 3945 curn
763 3886 906 3964 adaman)
928 3888 1106 3946 servabimus
1126 3888 1243 3966 quidem
1265 3890 1396 3949 ordinem

301 3980 436 4039 editionis
448 3979 595 4049 Parisinus,
610 3998 686 4038 nova
699 3990 808 4049 autern,
819 3998 885 4056 quae
899 3998 916 4037 a
930 3979 1070 4049 Bavarico
1084 3981 1197 4051 codice,
1212 3982 1340 4061 itemque
1354 4000 1395 4041 ex

173 4124 178 4134 .
301 4075 478 4149 augustano
491 4071 655 4150 prodemus,
673 4089 710 4129 ea
729 4088 854 4149 qumque
874 4072 1004 4142 seorsim,
1019 4092 1056 4131 eo
1070 4074 1180 4143 ordine,
1194 4086 1228 4133 ut
1247 4074 1276 4131 irr
1292 4072 1397 4134 codice

300 4184 417 4243 quoque
430 4163 602 4231 invenimus,
615 4162 784 4236 prodemus.
825 4163 943 4222 Scholia
957 4164 1030 4233 haec,
1045 4166 1121 4224 utin
1134 4166 1198 4225 aliis
1211 4166 1295 4225 editt.
1310 4166 1351 4226 ita
1364 4166 1395 4227 in

299 4257 357 4314 hac
374 4274 490 4334 qnoque
504 4256 582 4313 ultra
595 4254 809 4313 Timocrateaur
823 4272 881 4311 non
902 4254 1076 4333 procedunt.
1118 4256 1195 4317 Nam
1209 4278 1275 4336 quoe
1288 4258 1327 4317 ad
1340 4278 1395 4338 pn·

299 4348 436 4425 steriorea
450 4347 596 4405 orationes
609 4346 749 4422 adspersa
761 4356 839 4415 sunt,
854 4364 890 4405 err
905 4348 1014 4425 oppido
1027 4366 1122 4428 pauca
1134 4359 1212 4421 sunt,
1227 4348 1276 4409 vix
1290 4349 1396 4413 decem

300 4438 426 4513 omnino,
441 4451 472 4496 et
484 4437 593 4495 minimi
607 4437 752 4495 facienda.
795 4436 935 4499 Procedit
948 4440 989 4497 sic
1003 4460 1074 4519 opus
1085 4458 1176 4519 usque
1187 4442 1227 4500 ad
1240 4461 1308 4520 pag.
1322 4446 1394 4505 789.

299 4550 358 4589 non
382 4550 419 4591 eo
442 4531 554 4602 ordine,
579 4548 667 4608 quem
694 4530 779 4595 Wolf
799 4533 827 4589 in
852 4552 933 4593 suam
957 4534 1119 4625 editionem
1139 4535 1315 4615 importavit,
1338 4536 1394 4597 sed
