3150 5125
505 388 565 449 AD
588 386 937 459 Demosthenem,
1079 428 1084 433 ·
1180 394 1272 455 cxdx

176 538 375 608 Plutoncmve,
391 557 449 598 non
463 550 510 599 est
523 538 607 601 unius
619 540 754 613 hominis,
769 560 839 612 non,
852 561 938 622 pena
951 542 1088 615 dixerim,
1103 529 1273 608 uaiuaata·

174 630 220 689 tis.
235 633 386 717 ἐρανισιὰς
406 636 475 708 (qua
499 632 684 691 similitudine
709 632 876 694 delectatus
897 647 946 695 ast
965 636 1196 715 Demosthenes)
1217 658 1272 699 nos

175 738 240 781 esse
253 740 307 799 par
318 732 374 781 est.
416 722 586 801 Symbolum
598 724 812 803 quisquesuam
823 726 968 798 conferat,
980 728 1064 789 nulla
1073 748 1140 788 cunr
1153 730 1271 805 invidia,

175 811 255 871 nulla
268 812 461 917 malignitate,
476 815 555 875 nulla
567 815 711 875 virulenta
724 818 811 875 bonta
824 818 982 878 voluntatis
1000 819 1195 881 insectatione
1208 822 1274 881 lite-

175 903 213 963 ris
227 904 325 976 noxia,
340 916 373 963 ut
387 924 453 983 quoe
468 907 686 967 contentionem
708 908 745 969 ad
763 908 881 969 laudem
893 911 1040 990 reprimat,
1055 923 1095 983 et,
1107 914 1190 974 velut
1203 915 1274 993 gelu

176 996 428 1099 progerminantes
448 1018 590 1077 gemmas,
610 1000 723 1059 adurat.
744 1000 921 1081 accipiamus
942 1003 1039 1081 potius
1060 1004 1201 1084 quicquid
1218 1015 1273 1078 est,

176 1088 254 1166 quod
268 1088 390 1167 quisque
379 1080 462 1161 dat,
475 1102 526 1150 aut
537 1110 604 1151 cum
619 1092 812 1171 indulgentia,
827 1106 889 1164 aut,
903 1092 988 1155 sires
1000 1096 1117 1193 patitur,
1128 1116 1195 1157 cum
1209 1096 1273 1158 lau-

175 1180 259 1240 dibus
270 1190 300 1240 et
312 1180 388 1260 grati
400 1183 486 1243 animi
479 1182 714 1247 testificatione.

586 1504 714 1572 SECT.
737 1506 867 1573 XXV.

560 1678 607 1737 De
627 1680 720 1739 lexicis
738 1677 891 1738 rhetoricis.
968 1690 973 1699 ’

218 1832 291 1891 Hoc
301 1822 350 1893 ¹de
363 1832 445 1893 fonte
458 1830 743 1893 demosthenicamm
764 1850 819 1892 seu
839 1830 1086 1907 emendationum,
1101 1853 1153 1895 seu
1173 1834 1279 1917 expla·'

175 1922 336 1994 nationum,
362 1922 440 2002 quod
464 1922 573 1996 dicann
598 1924 694 1983 habeo
720 1942 835 2003 parum.
876 1922 987 1982 Praeter
1009 1924 1296 2005 Harpocratiouem·

176 2014 316 2089 ejusmodi
334 2014 432 2075 lexico
451 2034 543 2095 penes
563 2034 611 2076 me
629 2016 711 2075 nulla
728 2026 808 2075 sunt.
848 2014 965 2093 Dignus
979 2015 1095 2093 quidem
1118 2038 1194 2078 nova
1212 2017 1276 2079 edi·

177 2106 255 2166 tione
266 2101 311 2167 est
323 2108 529 2187 Harpocratio,
542 2108 696 2187 recepique
705 2124 723 2167 a
733 2124 781 2166 me
791 2105 938 2177 edendum
951 2105 981 2164 iu
991 2106 1041 2165 illo
1050 2121 1275 2187 programmate,

176 2222 235 2281 qno
249 2222 344 2283 nuper
357 2203 394 2262 de
408 2220 474 2263 meo
488 2214 596 2263 conatu
610 2202 848 2262 Demosthenem
860 2210 1040 2281 caeterosque
1054 2203 1185 2263 rhetoras
1199 2223 1277 2284 grae·

176 2314 228 2353 cos
240 2294 348 2354 edendi
362 2294 581 2373 significabam;
601 2295 680 2373 quod
692 2288 879 2373 programma
891 2312 950 2351 non
964 2292 1051 2353 modo
1062 2294 1174 2368 Belius,
1184 2298 1223 2360 V.
1239 2299 1277 2363 c,
1337 2318 1341 2328 ·

179 2384 265 2445 Actis
283 2384 472 2447 Eruditorum
492 2384 694 2464 Lipsicnaibus
709 2384 822 2444 cutavit
833 2378 931 2457 inseri,
946 2384 998 2444 sed
1011 2386 1099 2446 etiam
1113 2387 1278 2463 Harlesius,

64 2510 73 2533 ι
177 2476 215 2536 V.
231 2476 268 2538 C.
290 2478 415 2539 orationi
428 2476 639 2537 Demosthenis
657 2496 710 2557 pro
724 2476 918 2537 Coronaasa
934 2476 1019 2537 editae
1039 2479 1172 2557 subjecit.
1215 2472 1279 2541 Sed
1326 2478 1337 2489 ⁰

177 2571 293 2632 abhoc
315 2571 433 2652 quidem
454 2589 501 2630 me
522 2570 646 2630 deduxit
668 2569 788 2630 consilio
813 2570 968 2630 aumonius
989 2569 1166 2644 Ruhnkenii,
1187 2573 1224 2639 V,
1240 2575 1277 2636 C.

181 2659 369 2735 ostendentia,
385 2663 628 2742 Harpocrationis
647 2661 859 2742 exemplarium
877 2661 909 2720 in
926 2663 1055 2722 tabernis
1074 2663 1195 2723 librariis
1215 2668 1281 2725 tan-⁴

177 2767 239 2815 tam
252 2768 407 2834 superesse
420 2755 543 2834 copiam,
558 2764 591 2813 ut
604 2773 680 2815 nova
691 2759 752 2831 ejus
763 2753 893 2814 editione
904 2753 993 2814 facile
1007 2766 1152 2816 careatur.
1183 2757 1277 2835 Cujus

177 2848 207 2906 in
222 2841 397 2908 auctoritate
409 2866 446 2906 eo
460 2865 524 2906 sum
537 2844 685 2916 libentius,
699 2848 779 2926 quod
792 2865 812 2906 ι
823 2846 1000 2906 tractatione
1012 2849 1276 2924 grammaticorum,

178 2941 276 3018 quoin
290 2957 412 2998 numero
426 2936 592 3018 cumprimis
606 2949 676 2998 tunt
688 2939 902 3018 lexicographi,
916 2938 1029 2998 animus
1041 2938 1112 2997 mihi
1130 2959 1278 3019 nunquam

179 3051 239 3090 non
251 3031 370 3112 refugit.
412 3029 468 3090 Est
482 3027 599 3109 quidem
619 3049 709 3108 penes
723 3049 769 3088 me
785 3029 883 3090 Photii
897 3049 1013 3109 quoque
1027 3029 1164 3091 Lexiccn
1177 3034 1277 3093 rheto-

178 3123 280 3184 ricum.
310 3120 370 3184 Sc'd
383 3122 421 3182 ab
434 3121 493 3182 hoc
506 3141 625 3200 quoque
639 3122 755 3182 edendo
769 3121 919 3202 complura
932 3142 980 3182 me
993 3123 1173 3194 absterrent·
1187 3125 1217 3184 in
1230 3126 1278 3187 his'
1372 3170 1375 3178 .

178 3216 225 3274 vel
248 3211 374 3276 maxime
396 3211 590 3276 incredibilis
596 3215 767 3274 mendarum
786 3233 934 3286 numerus,
954 3214 1059 3295 quihus
1083 3216 1209 3276 obsitum
1230 3226 1277 3280 eet

180 3309 356 3388 exemplum,
377 3307 453 3367 unde
467 3308 644 3389 exscriptum
658 3319 702 3369 est
715 3325 824 3369 meum,
864 3309 945 3374 Quas
965 3309 1087 3370 mendas
1105 3322 1136 3369 et
1155 3331 1275 3373 numero
1331 3390 1333 3393 Ι

181 3411 212 3459 et
228 3397 359 3459 foeditate
373 3410 433 3460 tam
447 3400 610 3473 abhorrues,
624 3411 658 3458 ut
678 3421 724 3460 res
737 3401 828 3460 fidem
841 3391 970 3510 superet,
984 3401 1071 3460 sicin
1084 3403 1182 3462 medio
1195 3407 1275 3484 poni,

179 3493 259 3554 haud
271 3494 387 3555 videtur
400 3514 417 3553 e
431 3514 463 3553 re
475 3493 621 3555 literarum
634 3514 709 3566 esse,
724 3495 778 3555 nisi
792 3496 817 3555 si
830 3495 894 3575 quis
907 3492 977 3554 velit
989 3497 1138 3556 materiam
1153 3499 1253 3572 dare,
1245 3522 1276 3562 ιιι

180 3607 238 3666 qua
251 3587 400 3666 ingenium
414 3583 484 3645 felix
499 3597 530 3645 et
548 3607 654 3646 navum
668 3587 809 3659 elaboret,
824 3598 876 3648 aut
888 3586 925 3646 de
938 3606 996 3666 qua
1009 3591 1190 3666 grammatici
1204 3613 1275 3671 con·

180 3679 321 3740 tendant:
345 3677 445 3738 eluere
459 3691 557 3737 autem
570 3678 634 3738 illas
653 3680 784 3750 mendas,
804 3697 902 3757 neque
915 3679 1031 3762 ingenii,
1044 3699 1140 3759 neque
1154 3683 1204 3742 otii
1217 3685 1277 3745 mei

153 3801 157 3808 ·
179 3781 235 3832 est.
277 3770 348 3832 Alia
370 3781 448 3844 sunt,
469 3789 535 3848 quae
556 3779 587 3828 et
606 3769 705 3828 malim
725 3789 827 3848 agere,
847 3781 879 3830 et
897 3769 1011 3830 felicius
1032 3781 1147 3833 acturus
1166 3775 1277 3838 videor.

181 3863 257 3923 Tum
282 3860 361 3921 haud
382 3860 454 3931 scio,
480 3879 539 3939 quo
557 3879 605 3918 me
626 3860 663 3919 sit
683 3861 779 3941 anitnp
794 3860 905 3926 laturus
917 3860 967 3921 ille
986 3861 1030 3919 vir
1042 3862 1274 3938 humanissimus,

179 3955 229 4035 qui
251 3945 364 4032 copiam
378 3953 422 4012 sui
442 3952 540 4012 Photii
559 3951 629 4010 mihi
643 3951 726 4028 fecit,
749 3953 773 4012 si
795 3952 858 4030 ipso
881 3951 984 4024 inscio,
1006 3954 1106 4014 nescm
1129 3975 1167 4014 ιι
1186 3957 1278 4017 invito

180 4045 278 4117 etiam,
301 4044 417 4104 lexicon
441 4044 499 4102 hoc
526 4043 622 4104 edam.
664 4042 754 4104 Adde
780 4045 860 4122 quod
886 4044 1009 4106 Photius
1034 4045 1065 4104 in
1091 4048 1276 4125 exponendis

180 4136 283 4216 glossis
304 4135 479 4196 comicorum
500 4146 531 4194 et
551 4123 736 4214 tragicorum,
759 4154 845 4215 quam
869 4135 1029 4206 rhetorum,
1051 4137 1090 4195 sit
1110 4138 1277 4215 diligentior

180 4239 267 4307 atque
281 4225 442 4306 copiosior;
456 4246 549 4320 eoque
564 4229 658 4286 minua
670 4227 804 4288 instituto
817 4245 884 4287 meo
893 4227 1144 4288 accommodatus.
1174 4231 1276 4295 Quare

181 4320 330 4400 provincia
343 4319 419 4388 haec,
434 4337 500 4380 cum
515 4311 612 4378 multis
626 4319 699 4390 aliis,
714 4319 825 4391 futuro,
836 4319 967 4398 quisquis
975 4318 1138 4379 secundum
1150 4339 1198 4380 mo
1208 4323 1276 4396 erit,

182 4411 391 4472 Demosthenis
411 4410 516 4470 editori
543 4422 691 4470 reseruata
706 4422 831 4472 maneto
857 4412 982 4490 integra,
1006 4410 1107 4472 lexico
1129 4411 1275 4480 rhetorico

180 4521 259 4574 oum,
272 4503 392 4582 ejtrsque
406 4499 522 4562 sodales
535 4485 729 4562 instruendi.
