3150 5125
291 438 338 499 xri
425 436 582 542 DRASMl
605 432 700 497 ROT.
720 434 776 495 AD
795 435 987 495 -HERVAG.
1017 434 1080 494 PR.
1103 430 1229 493 PRAEF.

289 610 348 671 que
360 603 390 652 te
402 604 508 665 manet,
522 603 554 651 ot
567 612 670 672 pueros
681 591 825 651 elementa
837 588 988 651 docentem
1000 590 1134 669 Occupet
1145 586 1256 647 invicia
1270 586 1366 647 Sosio

291 702 354 743 rum
366 685 453 744 belbe
465 695 608 745 senectus.
643 684 799 743 Plurimum
814 684 889 743 enim
903 684 1001 753 refert,
1017 682 1066 761 qui
1078 700 1182 741 succus
1197 680 1298 740 rudem
1309 681 1362 739 eti·
1387 692 1395 704 ⁸

291 790 404 837 aninum
425 778 531 856 ingenii
551 778 683 837 testulam
704 776 819 836 imbuat
861 776 979 836 Utiliter
998 772 1113 853 quidem
1131 760 1252 852 primam
1263 771 1362 831 Latini

292 869 431 927 sermonis
445 870 650 928 institutionem
660 868 798 928 aselectis
811 869 905 947 poetis
918 868 1149 947 auspicabantur,
1161 864 1238 943 quod
1247 864 1277 921 hi
1286 882 1361 942 prse-
1378 930 1383 937 ‚

289 970 336 1019 ter
349 961 467 1020 virtuter
481 962 627 1032 oratorias,
640 960 749 1020 babent
761 959 869 1039 aliquid
887 958 994 1039 proprii
1007 958 1106 1017 nitoris
1119 973 1155 1016 ac
1165 956 1363 1033 jucunditatis,

289 1072 347 1130 qua
361 1052 441 1113 velut
454 1074 531 1125 esca,
545 1054 677 1114 dulcibus
690 1054 779 1133 magis
795 1068 879 1132 quam
897 1052 1058 1112 salubribus
1076 1052 1205 1131 gaudens
1219 1060 1289 1107 ustas
1302 1048 1363 1107 alli·

288 1144 380 1203 ciatur
393 1144 431 1206 ad
443 1146 600 1205 studiorum
614 1162 749 1207 amorem.
789 1144 1039 1224 ltaquequisquis
1058 1142 1178 1202 Latinos
1199 1144 1300 1220 poetm
1320 1140 1363 1199 in·
1422 1204 1427 1214 ‚

288 1236 403 1315 telligit,
417 1239 523 1297 rectius
535 1238 676 1315 intelliget
689 1250 827 1298 oratores.
864 1235 958 1315 -dpud
969 1236 1091 1296 Graecos
1100 1234 1210 1293 diversa
1222 1232 1295 1292 ratio
1309 1244 1363 1291 eat.

289 1328 414 1387 Tantum
428 1330 503 1388 enim
517 1329 686 1388 discriminis
694 1341 738 1388 est
748 1330 823 1389 inter
834 1341 983 1409 poetarum
997 1338 1028 1387 et
1040 1337 1183 1387 oratorum
1198 1325 1363 1397 dictionem,

288 1430 322 1477 ut
335 1421 436 1479 credas
450 1420 514 1479 iilos
527 1418 640 1494 diversa
657 1420 755 1499 lingua
772 1421 862 1499 loqui.
902 1420 1005 1498 quue
1018 1418 1060 1489 fit,
1074 1430 1106 1477 ut
1120 1418 1169 1497 qui
1182 1436 1199 1476 a
1213 1416 1306 1496 poetis
1319 1417 1362 1475 fe·

289 1521 391 1569 cerunt
405 1510 587 1569 institutionis
608 1510 809 1577 rudimentum,
822 1530 910 1585 quum
923 1512 961 1566 ad
974 1520 1119 1566 oratorum
1132 1508 1289 1567 lectionem
1298 1528 1363 1569 sese

176 1611 181 1631 '
289 1601 474 1670 contulerint,
487 1601 609 1657 subinde
623 1600 701 1655 vehit
718 1598 747 1653 in
767 1600 918 1674 peregrino
936 1615 1069 1656 sermone
1086 1594 1227 1667 restiterit,
1247 1610 1277 1657 et
1294 1599 1364 1658 licet

288 1692 359 1771 quid
372 1710 493 1768 quaeque
507 1708 564 1747 von
578 1687 716 1757 declaret,
731 1706 788 1745 non
802 1688 944 1763 ignorent,
959 1698 1057 1745 tamen
1071 1705 1186 1747 sensum
1199 1708 1256 1747 non
1269 1691 1362 1767 perci·
1392 1699 1401 1713 “

286 1782 377 1862 ‘piant
418 1782 453 1838 in
464 1798 551 1838 causa
564 1790 608 1838 est
622 1779 809 1865 schematum,
820 1788 968 1857 troporum
982 1786 1012 1837 et
1020 1778 1185 1837 idiomatum
1193 1781 1362 1863 proprietas,

286 1874 317 1932 in
337 1872 440 1952 quibus
458 1872 536 1930 haud
557 1870 597 1929 ita
615 1869 736 1929 multum
756 1869 932 1947 opitulantur
950 1868 1068 1928 Larice.
1109 1869 1178 1929 Hac
1199 1871 1313 1949 quidem
1332 1873 1363 1930 in

287 1978 369 2045 parte
382 1963 547 2043 praeclaram
562 1978 679 2040 operam
693 1967 750 2027 τοῖς
763 1964 965 2039 perustionem
977 1960 1092 2019 namvit
1105 1960 1289 2031 Guilbelmus
1302 1963 1363 2021 Bu-

184 2074 186 2079 ·
288 2057 378 2116 doeus.
419 2055 527 2113 Verum
543 2065 575 2111 ut
593 2052 751 2132 puerilibus
763 2052 886 2130 ingeniis
901 2052 1040 2113 Romanae
1052 2052 1177 2131 Linguae
1189 2074 1248 2113 non
1268 2056 1363 2114 statim

286 2148 487 2209 accommodus
506 2157 551 2205 est
565 2146 608 2205 M.
625 2144 746 2215 Tullius,
766 2144 825 2222 qui,
843 2143 935 2204 Fabio
946 2145 1056 2221 judice,
1073 2146 1145 2203 nulli
1158 2146 1242 2205 valde
1256 2148 1362 2225 placet,

286 2240 340 2300 nisi
354 2240 402 2319 qui
411 2244 470 2315 Jam
485 2237 602 2315 egregie
615 2236 790 2315 profecerit:
817 2236 860 2295 ita
879 2236 1048 2297 Graecarum
1067 2238 1214 2298 literarum
1229 2240 1361 2318 peritiam

287 2332 477 2389 ambientibus
490 2348 548 2386 non
568 2329 690 2387 arbitror
707 2329 863 2389 admodum
884 2330 1038 2389 convenire
1059 2330 1295 2404 Demosthenem,
1313 2333 1362 2409 qui
1417 2344 1422 2351 “

287 2422 350 2501 plus
365 2420 431 2479 artis
444 2420 533 2479 habet
547 2417 575 2475 in
590 2434 716 2487 recessu,
732 2438 818 2498 quam
838 2421 928 2498 prima
946 2421 1043 2483 fronte
1055 2443 1113 2502 pne
1132 2423 1260 2508 referat.
1301 2424 1361 2482 Hic
1424 2492 1428 2499 ¹

286 2513 371 2583 enim,
386 2508 462 2591 quod
476 2508 634 2570 honorifico
649 2514 718 2586 joco
738 2510 811 2570 dixit
825 2510 983 2584 Demades,
997 2515 1107 2592 scripsit
1121 2516 1159 2575 ad
1172 2534 1284 2596 aquarn,
1305 2534 1363 2575 nec

287 2605 340 2663 nisi
352 2624 370 2664 a
383 2603 482 2664 sobriis
496 2621 532 2662 ec
546 2602 725 2681 vigilantibus
742 2615 840 2682 potest
861 2603 990 2680 intelligi.
1030 2604 1158 2663 Proinde
1172 2608 1250 2684 quod
1263 2607 1302 2666 de
1316 2607 1362 2665 M.
1426 2597 1429 2602 ’

287 2697 384 2756 Tullio
397 2696 507 2775 scripsit
517 2695 639 2762 Quintus
648 2695 762 2767 Fabius,
774 2697 835 2774 pari
846 2702 912 2769 jure
925 2697 962 2752 de
973 2695 1172 2751 Demosthene
1181 2697 1238 2753 diei
1248 2709 1363 2774 potest:

285 2789 310 2849 ia
323 2811 354 2850 se
365 2789 439 2849 sciat
450 2787 480 2847 in
494 2797 554 2847 arte
565 2787 682 2847 dicendi
695 2787 864 2864 profecisse,
874 2785 921 2841 cui
933 2783 1236 2844 Demosthenesralde
1246 2788 1364 2864 placere

286 2883 413 2961 coeperit.
454 2875 702 2944 Quemadmodum
713 2875 813 2932 tabula
827 2891 932 2949 magno
945 2871 1065 2930 artificio
1078 2874 1193 2952 depicta
1205 2895 1291 2936 nemo
1304 2871 1364 2938 ma-

280 2991 412 3050 ,gnopere
431 2969 590 3027 delectatur
604 2966 672 3028 artis
686 2964 844 3042 imperitus,
859 2965 900 3023 ita
917 2963 1125 3026 Demosthenis
1143 2967 1270 3028 &uinum
1289 2971 1362 3032 illud

286 3073 316 3120 et
329 3061 406 3139 quod
419 3058 613 3120 facundissimi
623 3057 729 3135 quique
742 3075 856 3135 semper
865 3057 894 3114 in
908 3077 945 3116 eo
958 3057 1050 3116 mirati
1065 3069 1141 3130 sunt,
1153 3061 1183 3119 τὸ
1194 3059 1292 3134 δεινὸν,
1304 3085 1362 3124 non

285 3153 413 3223 sentitur,
426 3151 479 3210 nisi
492 3161 521 3209 et
534 3149 684 3208 rhetoricis
693 3149 935 3228 preceptionibus
949 3151 1123 3230 exercitatis,
1138 3165 1168 3212 et
1181 3154 1362 3217 historiarum

286 3239 450 3318 cognitione
464 3238 612 3298 instructis.
653 3238 754 3316 Itaque
768 3239 870 3317 patiar,
884 3249 916 3298 ut
930 3259 1002 3318 puer
1022 3242 1138 3320 quidem
1151 3245 1288 3323 degustet
1301 3247 1362 3308 De·

285 3331 474 3399 mosthenem,
487 3328 540 3388 scd
551 3330 588 3388 ad
602 3348 667 3387 eum
679 3329 754 3388 serio
764 3331 876 3403 redeat,
882 3336 942 3415 jam
956 3332 1051 3392 factus
1064 3335 1211 3407 oculatior,
1226 3357 1284 3416 quo
1297 3359 1361 3417 per·

284 3421 384 3500 spiciat
403 3420 479 3482 iilam
498 3439 566 3480 vere
586 3421 701 3480 atticam
722 3441 866 3500 venerem,
886 3423 959 3481 illud
978 3442 1127 3484 excussum
1144 3427 1293 3502 judicium,
1313 3431 1363 3491 illa

284 3533 395 3574 summo
409 3513 528 3572 artificio
541 3523 671 3570 contorta
681 3513 905 3591 enthymemata,
917 3517 1125 3594 postremovim
1139 3518 1216 3578 illam
1231 3521 1362 3582 omnibus

285 3604 490 3675 admirabilem,
504 3604 550 3662 rix
565 3604 615 3662 ulli
635 3603 811 3664 imitabilem
851 3606 979 3683 Elegans
998 3606 1111 3666 interim
1124 3609 1212 3670 fuerit
1224 3615 1364 3676 exercita·

284 3699 335 3769 tio,
347 3699 425 3776 quod
438 3717 456 3756 a
467 3698 611 3756 veteribus
625 3697 766 3755 nonnullis
778 3697 885 3756 factum
900 3711 945 3757 est
957 3701 986 3757 in
1001 3697 1135 3760 Homero
1150 3721 1183 3762 ac
1197 3705 1324 3783 Virgilio,
1338 3708 1362 3766 si

286 3791 349 3870 quis
362 3791 437 3848 idem
450 3789 540 3848 faciat
549 3789 579 3846 in
595 3789 791 3848 Demosthene
801 3801 830 3847 et
845 3789 890 3848 Μ.
905 3790 1010 3861 ΤιιΙΙίο,
1025 3801 1058 3849 ut
1071 3811 1109 3851 ex
1120 3795 1273 3856 collatione
1285 3799 1363 3858 loco-

285 3903 350 3943 rum
363 3881 570 3960 deprehendat,
585 3881 655 3959 quid
675 3881 722 3941 hic
741 3881 777 3940 ab
797 3881 900 3942 illusit
920 3894 1075 3954 mutuatus,
1090 3896 1121 3944 et
1141 3887 1190 3946 ubi
1208 3901 1305 3950 noster
1325 3891 1364 3950 sit

286 3977 393 4036 Graeco
405 3995 467 4054 par,
481 3974 530 4032 ubi
543 3973 682 4052 superior,
697 3974 745 4032 ubi
759 3975 795 4033 ab
809 3975 966 4053 exemplari
985 3977 1113 4035 nonnihil
1128 3979 1286 4058 degeneret
1299 3983 1362 4042 imi·

286 4069 366 4128 tutio.
407 4067 465 4124 Vix
480 4065 535 4124 alia
552 4085 597 4124 res
614 4085 698 4144 esque
717 4066 851 4125 conducit
871 4067 908 4124 ad
930 4068 1087 4144 parandum
1102 4071 1252 4145 judicium.
1292 4075 1362 4134 Non

287 4161 333 4218 hic
346 4171 507 4238 sumpturus
521 4176 584 4216 som
602 4175 716 4235 opernm
731 4157 760 4214 in
774 4156 918 4216 laudando
931 4158 1140 4234 Demosthene,
1154 4163 1191 4222 ad
1205 4185 1290 4242 quem
1310 4187 1363 4246 pro

288 4250 425 4328 dignitate
446 4249 658 4330 praedicandum
679 4268 751 4327 opus
774 4260 851 4307 esset
867 4249 1028 4328 eloquentia
1042 4253 1284 4318 Demosthenica:
1305 4258 1363 4318 imo

287 4341 365 4399 nulla
377 4344 471 4419 potius
485 4359 557 4421 opus
577 4349 623 4400 est
635 4340 798 4418 eloquentia
810 4341 848 4398 ad
861 4359 927 4399 eum
939 4341 1126 4416 laudandum,
1141 4365 1226 4424 quem
1240 4367 1298 4407 uno
1312 4367 1363 4406 ore

287 4433 317 4491 in
331 4432 432 4491 coelum
443 4434 538 4494 ferunt
548 4451 662 4494 omnes:
677 4451 731 4491 nec
741 4423 793 4491 tibi
804 4432 900 4492 calcar
913 4433 1020 4493 addere
1030 4437 1164 4509 studebo,
1176 4437 1286 4516 Georgi
1297 4439 1364 4499 cha·

288 4525 408 4596 riseimc,
429 4545 514 4604 quem
533 4526 677 4606 conspicio
697 4525 726 4584 in
742 4525 799 4586 hoc
821 4525 1009 4604 pulcherrimo
1031 4529 1125 4618 stadio
1147 4522 1362 4611 tuapte'sponte

778 4631 796 4654 a
