3150 5125
324 422 381 467 exe
605 408 612 415 ·
665 400 1095 489 aerumnosarum
1175 416 1179 422 ·

324 568 450 639 librariis,
463 568 594 641 diserm.
635 568 700 641 lile,
719 568 771 649 qui
786 568 935 643 Aristiden
948 569 1088 642 assavit,
1099 567 1156 630 fuit
1172 566 1217 629 sis
1228 568 1348 640 doctos,
1362 566 1439 629 dirt-

324 682 407 743 σου,
421 663 545 742 magnis,
564 660 751 742 pulchrisque
770 662 863 725 literis
876 682 957 735 usus,
974 674 1007 723 et
1023 661 1158 723 facilibus
1169 660 1261 733 iecur,
1281 673 1315 721 et
1328 662 1371 721 d
1384 662 1433 723 le·

323 756 453 834 gendum
466 755 662 827 invitantibus,
683 755 737 819 nisi
750 754 831 834 quod
849 766 1044 818 stmestum
1062 754 1298 836 pallidiuscalum
1321 755 1433 815 oculos

323 848 438 929 fatiget.
453 848 550 917 omnia
564 848 627 913 siae
640 846 768 913 scholiis.

363 942 507 1009 Quartum
521 941 638 1023 appello
652 941 787 1003 codicem
808 942 1013 1021 deputantem
1033 940 1125 1014 dion,
1144 940 1195 1021 qsi
1208 962 1239 1021 p.
1257 944 1309 1005 78.
1330 940 1425 1001 Cata·

321 1034 383 1113 logi
404 1035 586 1097 Reusneraui
598 1054 627 1097 u.
638 1039 668 1096 8.
682 1034 813 1113 signatus
826 1045 883 1106 est,
896 1045 928 1095 et
941 1035 982 1095 nil
1002 1034 1058 1095 nissi
1071 1034 1228 1095 Demosth.
1238 1053 1283 1094 or.
1294 1053 1350 1113 pso
1361 1034 1427 1094 Cor

322 1144 403 1198 rone,
418 1136 449 1190 et
461 1127 600 1190 Aristidis
615 1126 864 1195 Panathenaicam
875 1138 969 1189 unet.
986 1127 1117 1206 ejsudem
1137 1128 1245 1203 aetatis,
1257 1137 1349 1205 atque
1362 1138 1428 1187 ter·

322 1218 389 1291 uus,
402 1219 527 1299 scriptus
540 1221 611 1281 item
623 1220 761 1291 hlothr,
775 1219 808 1279 id
820 1220 900 1299 quod
919 1221 1022 1283 charta
1041 1220 1148 1301 prodit,
1163 1219 1262 1279 medio
1286 1230 1340 1279 sut
1355 1238 1429 1301 ses-

267 1315 275 1323 '
323 1324 414 1392 gente
434 1314 545 1377 saecrrlo
560 1314 627 1375 XV.
647 1313 808 1393 grandibus
831 1314 933 1385 literis,
953 1326 985 1376 et
1004 1314 1143 1375 similibus
1154 1313 1222 1385 illis,
1234 1312 1341 1392 quibos
1354 1312 1425 1373 Asi-

323 1404 424 1477 suda,
439 1406 548 1486 dequo
561 1406 650 1469 modo
664 1406 812 1479 dicebam,
825 1420 964 1469 esasstus
974 1420 1030 1479 est,
1043 1427 1063 1467 a
1075 1407 1191 1467 diserss
1201 1417 1301 1467 umen
1314 1426 1424 1477 manse

323 1517 419 1577 neque
432 1498 510 1560 idem
527 1498 659 1560 librarius
672 1498 828 1561 ridebatur
847 1501 1008 1562 ontionem
1021 1520 1077 1581 pro
1089 1518 1199 1560 coruos
1218 1518 1359 1559 asmuss
1378 1508 1424 1559 u·

323 1610 382 1669 que
395 1592 643 1670 panathenaicum.
684 1590 782 1652 Etiam
796 1592 845 1653 hic
865 1593 962 1654 codes
980 1592 1097 1653 scholiis
1109 1602 1201 1653 caret.
1242 1591 1347 1653 Oratio
1367 1610 1421 1672 pro

322 1702 432 1744 corona
444 1684 581 1744 convenit
593 1702 663 1745 cum
670 1684 752 1765 Aug.
766 1684 870 1765 primo.
884 1686 996 1747 contuli
1005 1684 1086 1747 hunc
1098 1685 1234 1747 codicem
1245 1684 1331 1745 initio
1339 1704 1419 1744 men·

323 1774 363 1834 sis
375 1774 396 1835 J
398 1774 447 1835 ulii
460 1779 550 1839 1768.

364 1866 505 1933 Quintum
525 1866 641 1948 appello
657 1869 864 1948 Augustarum
884 1869 1021 1930 codicem
1041 1890 1071 1949 p.
1083 1872 1134 1935 78.
1148 1868 1216 1930 cst.
1232 1868 1379 1929 Reumer.
1389 1886 1419 1929 ιι.

324 1964 374 2022 19.
388 1960 542 2039 signatum,
555 1962 586 2020 in
600 1974 707 2042 quarto
726 1962 882 2034 ordinario,
898 1982 1016 2023 ameno
1029 1963 1232 2023 recentissima
1246 1962 1346 2021 saculi
1353 1960 1419 2020 XV.

324 2052 458 2113 exeuntis
472 2064 633 2127 exaratum,
645 2054 739 2116 minus
751 2056 881 2134 pulchris
895 2056 996 2127 literis,
1006 2056 1148 2116 slihrario
1163 2056 1285 2117 indocto
1299 2068 1331 2116 et
1343 2054 1420 2115 miri·

324 2144 381 2207 fiee
394 2147 510 2227 supino,
525 2147 578 2207 sed
592 2167 631 2207 ex
651 2148 709 2208 alio
727 2149 847 2228 optimae
860 2160 939 2209 notae
954 2147 1072 2209 ductus.
1113 2148 1260 2209 Convenit
1273 2167 1340 2208 cum
1354 2149 1419 2207 Διι·

323 2249 448 2318 gustabo
462 2240 556 2320 primo
570 2260 654 2320 paene
668 2238 705 2301 ad
722 2240 848 2314 literam,
859 2240 915 2301 nisi
927 2239 977 2300 ubi
991 2240 1105 2301 mendis
1117 2239 1222 2301 calami
1240 2258 1419 2318 conspurca-
1476 2249 1482 2260 ·

324 2343 372 2392 tus
395 2344 451 2405 est,
472 2334 576 2411 quibus
598 2346 703 2393 scatet.
745 2334 835 2394 Caret
853 2335 924 2394 item
946 2334 995 2394 hic
1014 2334 1141 2396 scholiis
1165 2345 1251 2394 tenet
1275 2332 1421 2393 orsdoncs
1554 2349 1555 2430 }

324 2422 463 2503 quasdam
478 2423 687 2484 Demosthenis
710 2420 792 2485 nullo
813 2426 941 2499 delectu,
961 2428 1019 2488 hoc
1036 2428 1146 2488 ordine.
1189 2428 1219 2505 1)
1233 2426 1419 2506 Epitaphium

323 2516 479 2577 Demosth.
533 2517 565 2596 8)
579 2516 678 2599 Lysim
697 2516 861 2580 funebrem.
902 2521 933 2602 8)
950 2520 1156 2582 Demosthenis
1175 2520 1247 2581 dues
1262 2520 1292 2579 in
1307 2520 1420 2580 Aristo·

322 2609 462 2689 gitonem.
502 2615 534 2687 4)
547 2631 589 2672 or.
603 2611 633 2671 in
644 2611 807 2673 Calliclem.
834 2617 866 2689 5)
881 2615 1027 2674 orationes
1045 2615 1118 2674 duss
1131 2615 1161 2673 in
1173 2613 1341 2694 Aphobcm
1363 2613 1418 2692 pri:

323 2721 400 2762 mam
412 2711 442 2764 et
453 2706 622 2766 secundam.
653 2707 685 2784 6)
697 2706 843 2767 orationes
854 2707 928 2766 dues
940 2708 971 2766 in
985 2706 1157 2768 Onetorem.
1185 2707 1264 2766 llaec
1279 2707 1418 2766 aDemo·

322 2793 436 2869 sthene,
461 2817 586 2878 quorum
608 2798 794 2861 collationem
819 2799 931 2860 absolvi
953 2800 1002 2859 die
1022 2805 1072 2862 80.
1088 2799 1163 2859 Maii
1179 2803 1267 2862 1768.
1309 2801 1417 2865 Quam·

323 2911 411 2970 quom
426 2892 522 2952 codex
536 2893 586 2952 hic
607 2911 674 2953 cum
690 2893 770 2969 Aug.
785 2891 879 2970 primo
896 2912 981 2971 poene
1001 2894 1031 2952 in
1053 2893 1187 2953 omnibus
1209 2891 1363 2963 consentit,
1384 2899 1417 2949 nt

321 2983 413 3043 videri
428 2985 518 3062 possit
533 3004 571 3044 ex
585 3003 622 3045 eo
637 2983 799 3063 descriptus
813 3003 888 3056 esse,
907 2985 1007 3064 nequit
1020 2997 1120 3046 tamen
1133 2985 1203 3044 inde
1216 2997 1329 3044 sumtus
1344 3003 1415 3058 esse,

321 3075 390 3152 quia
403 3087 576 3152 argumenta
588 3075 679 3136 hebet
700 3075 877 3135 orationibus
895 3079 1028 3156 praeiixa.
1042 3080 1148 3158 quibus
1170 3077 1349 3156 argumentis
1361 3077 1417 3156 pri·

320 3184 385 3226 mus
398 3175 489 3226 caret.
530 3165 632 3224 Habet
645 3166 693 3224 hic
707 3167 803 3226 codex
818 3169 906 3227 etiam
921 3171 1123 3242 cimeliorum,
1137 3189 1203 3249 quse
1217 3169 1353 3228 conferre
1366 3188 1415 3228 ne·

322 3276 381 3336 que
395 3258 494 3329 otium,
512 3276 608 3337 neque
628 3256 738 3317 animus
759 3259 824 3329 fuit,
847 3261 914 3321 hac
934 3263 1055 3323 scilicet.
1079 3263 1232 3342 l)partem
1248 3259 1415 3320 Promethei

322 3349 484 3429 AEschylei.
500 3353 603 3430 (usque
626 3349 664 3410 ud
684 3355 778 3430 prs.
802 3353 896 3416 Henr.
912 3355 1065 3436 Stephani)
1087 3375 1153 3415 cum
1179 3354 1295 3414 scholiis
1309 3353 1415 3413 interli-

322 3442 458 3504 homibus
472 3455 502 3504 et
516 3443 732 3526 marginalibus.
757 3449 789 3518 8)
803 3447 889 3506 odem
907 3449 1021 3509 tertiam
1037 3448 1124 3528 Pyth.
1141 3447 1268 3507 Pindari.
1289 3447 1321 3525 8)
1332 3446 1415 3504 mam

321 3535 480 3596 secundam
493 3537 580 3596 Nem.
602 3541 634 3612 4)
647 3535 759 3598 initium
771 3539 891 3626 Qlymp.
906 3539 1032 3622 Reliqua
1042 3541 1278 3626 Pindari'eerent
1291 3539 1415 3611 scholiis,

322 3639 427 3708 praeter
440 3629 550 3688 initium
565 3629 685 3710 Olymp.

330 3713 332 3720 ’
363 3721 469 3782 Sextus
482 3723 581 3783 codex
595 3723 804 3786 Demosthenis
817 3726 1010 3804 Augustanus
1031 3727 1113 3806 cujas
1127 3725 1165 3786 sit
1178 3725 1293 3805 etquid
1307 3731 1412 3794 teneat

321 3815 449 3876 nondum
469 3818 547 3890 novi,
570 3817 624 3876 sed
645 3817 746 3888 sciam,
766 3819 817 3878 ubi
830 3819 938 3899 potitus
952 3839 988 3880 eo
1008 3819 1103 3880 fuero.
1122 3819 1297 3878 nuncenim
1318 3817 1412 3877 adhuc

321 3911 387 3968 erim
402 3923 549 3991 exspecto.
593 3909 732 3990 Signatus
746 3922 792 3971 est
811 3912 841 3970 in
852 3911 997 3992 Catalogo
1012 3914 1158 3972 Reusner.
1172 3917 1263 3994 pue.
1279 3911 1337 3970 sic:
1352 3909 1412 3969 De·

321 4003 479 4066 mosthenis
495 4003 681 4086 Olynthiacae
695 4021 763 4065 cum
781 4003 879 4065 multis
893 4003 957 4069 aliie
970 4003 1102 4066 aliorum.
