3150 5125
188 455 194 466 .
283 415 371 475 nn.
505 422 510 430 ·
613 372 864 473 ninuouvu'n
885 409 1077 489 wesen,

284 588 355 648 gore
372 568 475 630 mentis
492 554 580 649 alque
599 570 707 649 ingenii
724 570 762 641 vi,
783 588 842 648 qun
860 566 992 647 plerique
1013 564 1084 626 olim
1104 574 1136 625 st
1148 563 1320 625 Graecorum
1339 576 1373 625 et

285 658 481 720 Romanorum
496 682 630 741 proceres
642 663 822 730 claruerunt;
837 660 895 739 qui,
916 678 982 739 quse
994 657 1157 719 hominibus
1175 656 1314 717 studiosis
1325 668 1371 717 at·

285 770 341 831 que
355 751 456 823 doctis,
469 764 568 813 nostra
585 763 682 823 estate,
702 752 796 831 gratis
809 763 841 811 et
853 751 998 811 laboriosa
1008 750 1123 809 videtur
1135 748 1297 828 occupatio,
1311 748 1374 810 sire

282 836 417 901 curandae
431 844 472 903 rei
487 842 643 915 familiaris,
658 845 717 905 sive
738 841 872 904 lectionis
885 854 974 921 atque
986 840 1157 921 scriptionis,
1172 859 1238 900 eam
1255 840 1296 900 illi
1309 842 1370 901 ani·

283 952 395 993 morum
408 934 580 995 levationem
591 947 679 1014 atque
693 935 917 997 oblectationem
922 934 1099 1010 judicarunt.
1139 933 1228 999 Quod
1240 932 1283 992 ita
1293 952 1368 1005 esse,

283 1024 493 1105 Xenophontis,
508 1027 699 1107 Thucydidis,
720 1027 861 1107 Lycurgi,
881 1022 927 1085 M.
942 1025 1073 1085 Terentii
1085 1024 1233 1096 Varronis,
1248 1025 1285 1085 C.
1297 1025 1369 1086 Julii

284 1118 417 1191 Cetaria,
432 1118 591 1189 Ciceronis,
613 1120 674 1179 Silii
689 1119 793 1189 Italici,
807 1118 903 1178 Boetii
922 1128 1120 1188 monumenta,
1135 1126 1167 1176 et
1179 1115 1368 1195 complurium

282 1210 401 1271 aliorum
417 1210 558 1290 exempla,
573 1201 724 1272 testantur.
766 1210 844 1269 Tum
862 1209 939 1269 enim
957 1209 999 1267 illi
1017 1229 1050 1267 se
1068 1218 1226 1288 occupatos
1246 1226 1321 1278 esse,
1336 1218 1370 1267 et

282 1303 405 1383 negotiis
418 1302 579 1382 implicatos
600 1302 749 1382 putabant,
764 1322 830 1362 cum
849 1313 901 1361 aut
921 1301 1030 1361 amicos
1047 1312 1078 1361 et
1096 1302 1219 1361 clientes
1233 1321 1302 1361 suos
1315 1302 1368 1361 de·

282 1392 450 1465 fendehant,
465 1406 515 1454 aut
524 1394 648 1455 consiliis
663 1404 751 1473 atquc
765 1393 850 1454 armis
864 1393 1085 1471 Rempublicam
1098 1392 1261 1454 tuebantur.
1295 1393 1371 1453 Mes

282 1504 365 1559 vero,
378 1504 436 1545 non
451 1504 487 1545 eo
500 1496 623 1557 tantum,
636 1486 716 1565 quod
735 1485 805 1544 mibi
817 1486 892 1544 vires
911 1484 1030 1565 quidem
1049 1484 1178 1564 corporis
1195 1485 1318 1564 exigue,
1330 1505 1368 1545 ac

281 1596 373 1657 prope
393 1578 489 1648 nulloe,
510 1578 655 1656 ingenium
669 1596 738 1636 vero
752 1588 841 1636 tenue
862 1589 951 1654 utque
970 1576 1113 1635 infirmum
1125 1577 1257 1655 contigit,
1279 1578 1370 1657 longe

282 1668 339 1727 ulia
351 1669 424 1728 ratio
438 1680 500 1729 est:
515 1670 619 1729 sed'oh
633 1668 705 1727 illud
718 1668 815 1738 etiam,
827 1667 906 1747 quod
915 1668 980 1739 illis,
990 1668 1085 1747 patrio
1095 1688 1229 1729 sermone
1242 1669 1369 1728 seriben-

281 1759 367 1829 tibus,
382 1760 412 1818 in
424 1760 543 1838 proclivi
556 1771 643 1838 atque
654 1760 793 1838 expedita
801 1760 920 1819 fuerunt
934 1760 1039 1831 omnia,
1053 1780 1120 1821 cum
1133 1780 1198 1831 nos,
1207 1762 1370 1841 peregrinis

281 1851 396 1929 linguis,
419 1852 539 1911 emutis
558 1853 793 1932 praeceptoribus,
817 1853 1038 1931 cognoscendis,
1058 1872 1117 1911 uon
1137 1854 1370 1932 pnrvam’oetatis

282 1954 394 2022 partem
405 1934 575 2003 constimere
590 1964 712 2004 necesse
726 1944 894 2003 habeamus.
934 1944 1038 2022 ltaque
1051 1964 1110 2003 non
1120 1945 1271 2005 recreandi
1281 1945 1369 2005 animi

283 2052 364 2112 ergo,
377 2035 527 2093 levandive
548 2035 627 2093 ttedii
648 2054 745 2105 causa,
760 2054 807 2093 me
821 2034 991 2112 scriptitare,
1003 2034 1056 2095 sed
1074 2035 1143 2114 quia
1156 2035 1255 2096 facere
1275 2037 1367 2105 aliter,

282 2125 361 2185 salva
374 2128 637 2206 (quantulacunque
649 2126 698 2185 iila
711 2130 768 2199 est)
781 2125 991 2185 existimatione
1010 2146 1085 2198 mea,
1104 2146 1229 2206 nequeo,
1246 2138 1277 2187 et
1295 2146 1370 2205 quas

281 2218 410 2278 sustineo
430 2238 581 2289 oerumnes,
596 2236 670 2299 pene
685 2218 850 2278 Herculeus
863 2217 953 2277 videri
971 2218 1050 2289 mihi,
1065 2238 1177 2299 speque
1196 2238 1263 2279 mea
1277 2219 1366 2298 pluri·

281 2330 361 2373 mum
374 2330 422 2371 me
436 2312 593 2390 deceptum
606 2330 680 2382 esse,
695 2311 823 2390 ingenue
838 2310 988 2371 confiteor.
1029 2310 1108 2371 Nam
1128 2330 1194 2371 eum
1212 2310 1293 2370 suuis
1313 2311 1367 2370 ab·

281 2402 486 2478 hincquntuor
505 2413 536 2460 et
548 2402 658 2479 viginti,
672 2422 731 2461 non
750 2414 810 2461 tam
831 2422 897 2483 mes
909 2403 1051 2474 voluntas,
1065 2423 1151 2484 quam
1169 2404 1369 2482 inexspectata

282 2491 422 2572 quaedam·
435 2492 591 2564 calamitas,
614 2504 645 2552 et
658 2514 752 2553 rerum
766 2495 918 2555 meliorum
931 2515 1008 2575 spes,
1022 2496 1052 2555 in
1070 2496 1309 2577 typographicam
1324 2494 1369 2575 pi·

279 2586 401 2648 strinum
415 2606 462 2645 me
476 2586 662 2664 conjecisset,
673 2587 753 2664 parvi
770 2588 910 2666 temporis
930 2588 1062 2648 molestis
1080 2599 1252 2666 perpetuam
1265 2587 1367 2647 studiis

279 2680 352 2741 meis
363 2699 465 2742 secure
482 2678 650 2758 perfruendi
664 2678 833 2740 facultatem
854 2699 902 2739 me
915 2677 1113 2740 redemtorem
1126 2680 1273 2756 opinabar.
1308 2679 1369 2738 Ve-

280 2793 344 2833 rum
365 2785 473 2854 quanto
492 2772 575 2832 aliter
597 2772 735 2841 evenerit,
758 2791 845 2830 nemo
865 2770 990 2846 ignorat,
1011 2767 1062 2844 qui
1087 2778 1139 2826 sut
1159 2769 1366 2829 bibliothecam

279 2877 404 2926 vestram
417 2864 542 2944 inspicit,
559 2882 618 2942 qua
638 2881 717 2922 meas
737 2859 950 2918 lucubrationes
971 2857 1083 2935 dignati
1103 2856 1182 2929 estis,
1196 2870 1247 2918 aut
1265 2860 1369 2920 biblio-

279 2956 358 3034 polis
371 2966 523 3014 scrutatur.
553 2952 659 3030 Neque
673 2969 742 3008 vero
754 2949 820 3006 htec
832 2947 974 3025 gloriandi
987 2967 1077 3008 causa
1089 2949 1194 3020 scribo,
1209 2952 1281 3028 (quo
1294 2952 1368 3030 quid
1385 3030 1387 3033 Ι

278 3045 403 3123 ineptius
414 3045 440 3118 i)
453 3054 503 3104 aut
515 3043 699 3121 ignoratione
712 3039 859 3100 tenuitatis
872 3059 955 3111 mete,
969 3041 1061 3120 (quod
1074 3041 1151 3101 enim
1171 3042 1287 3103 difficile
1300 3064 1367 3105 esse

279 3147 406 3214 putatur,
421 3153 505 3194 nosse
519 3151 594 3203 sese,
615 3143 764 3211 utcunque
776 3131 882 3204 didici:
903 3131 1000 3192 studui
1020 3144 1102 3194 certe
1116 3134 1247 3214 quidem)
1258 3137 1312 3196 sed
1331 3147 1366 3196 ut

279 3229 422 3288 fortunam
436 3246 530 3286 meam
545 3244 668 3295 narrem,
682 3245 748 3304 quae
761 3243 814 3304 per
828 3224 951 3295 labores,
965 3244 1025 3284 non
1044 3235 1104 3285 tam
1119 3227 1263 3301 jucundos
1276 3237 1307 3286 et
1319 3227 1366 3286 lu·

279 3340 388 3392 erosos,
404 3339 491 3400 quam
504 3319 680 3378 necessarios
693 3329 724 3378 et
736 3317 927 3387 inevitabiles,
941 3317 1023 3376 adid
1040 3316 1135 3378 etatis
1151 3329 1182 3378 et
1192 3318 1367 3380 valetuthis

278 3432 336 3484 me,
356 3413 426 3472 nihii
445 3412 503 3472 tale
516 3410 706 3490 cogitantem,
723 3411 864 3489 provexit,
878 3421 922 3482 nt,
935 3429 1000 3468 cum
1020 3410 1148 3472 msxime
1161 3411 1365 3490 philosophan-

153 3558 157 3566 .
278 3506 347 3565 dum
361 3515 445 3576 esset,
458 3501 764 3585 philosophaiparum
776 3502 873 3573 liceat,
887 3502 1037 3564 autetiam
1049 3503 1148 3562 libeat.
1176 3503 1282 3583 Neque
1294 3523 1364 3562 vero

278 3617 335 3676 ego
348 3599 426 3658 solus
439 3598 464 3657 is
476 3615 551 3672 sumt
560 3609 647 3676 quem
661 3597 746 3656 hona
759 3613 819 3653 suta
830 3593 956 3654 rationes
969 3593 1144 3684 fefellerint:
1166 3595 1220 3654 sed
1232 3595 1293 3656 sive
1305 3595 1365 3654 fru-

277 3690 383 3762 stratio,
398 3690 458 3750 sive
472 3689 619 3755 elamite
629 3688 703 3758 hoec,
714 3705 779 3747 cum
793 3685 890 3747 multis
903 3686 972 3745 mihi
982 3697 1027 3746 est
1041 3687 1211 3759 communis,
1221 3688 1366 3766 melonge

278 3783 510 3862 sapientioribus.
549 3781 767 3841 Demosthenes
788 3780 966 3842 Pteaniensis
987 3783 1080 3856 (cujus
1103 3781 1279 3862 eloquentis,
1298 3800 1365 3860 quea

276 3876 339 3936 sine
351 3875 485 3954 singulari
500 3873 653 3953 prudentia
665 3883 697 3932 et
714 3872 823 3932 eximia
835 3873 941 3933 virtute
960 3891 1044 3931 nsum
1060 3872 1135 3930 tueri
1150 3891 1257 3934 nomen
1270 3873 1363 3932 haud·

278 3977 423 4048 qusquam
436 3977 542 4046 potest,
557 3964 700 4044 quondam
714 3983 767 4043 per
779 3965 924 4043 Europam
938 3973 968 4023 et
981 3963 1084 4021 Asiam
1095 3962 1243 4024 celebrata
1253 3965 1318 4035 suit,
1332 3975 1365 4024 et

279 4061 357 4120 nunc
380 4059 468 4120 etiam
492 4056 624 4116 omnibus
646 4055 772 4114 omnium
792 4055 940 4114 nationum
963 4053 1084 4112 eruditis
1106 4054 1286 4116 admirationi
1306 4056 1365 4127 est)

278 4155 345 4214 dunt
359 4173 427 4215 suos
439 4149 645 4221 Athenienses,
658 4147 774 4227 ignavia
784 4158 814 4206 ot
826 4149 898 4208 luxu
911 4157 1074 4217 enervatos,
1082 4146 1119 4206 ad
1132 4151 1363 4227 recuperandum

279 4247 401 4306 Graeciae
411 4243 613 4325 principatum,
628 4259 714 4319 quem
727 4239 766 4298 ad
779 4258 870 4298 annos
881 4257 945 4296 axx
958 4248 1122 4309 tenuerant,
1137 4239 1261 4318 primum
1279 4240 1364 4304 clade

280 4339 521 4417 Hellespontiaca
541 4353 599 4394 una
618 4351 683 4391 cum
695 4331 830 4390 libertate
843 4330 994 4399 amissum,
1008 4329 1114 4390 deinde
1134 4330 1262 4391 Cononis
1278 4331 1363 4392 indu·

278 4431 349 4490 stria
362 4441 521 4508 receptum,
540 4445 597 4486 nec
618 4423 709 4483 multo
723 4434 789 4501 post
803 4441 820 4480 a
835 4421 968 4500 Philippo
982 4417 1149 4481 Macedone
1160 4421 1263 4488 callide
1275 4421 1365 4485 inter-

279 4532 406 4600 ceptum,
419 4523 544 4584 excitare
565 4517 673 4590 studet,
694 4516 766 4576 inter
789 4514 847 4578 alia
861 4515 920 4576 hoc
933 4533 1051 4594 quoque
1070 4525 1241 4600 argumento
1254 4515 1363 4577 utitur:
