3150 5125
513 421 570 483 sn
591 413 943 488 namosrnnunm.
976 477 978 480 .
1212 429 1286 522 ctis·¹
1377 365 1381 374 Ι

10 596 18 636 ι
180 575 348 646 umbonis,
368 575 535 637 secundum
554 574 787 639 distributionem
799 577 885 640 Pom
905 577 1046 652 Mummii,
1065 598 1119 642 seu
1138 576 1278 644 Felicisui

10 695 14 732 i
178 673 285 754 potius,
305 681 410 748 quarta
429 671 511 730 vitas
523 671 741 745 Demosthenis,
757 671 858 732 Wolfii
877 683 973 745 notus,
996 684 1028 732 et
1047 673 1277 752 gnomologiam,
1301 709 1308 722 ·

11 792 13 813 l
179 762 357 843 Ulpianique
370 762 603 834 commentarios,
619 764 721 843 quinta
739 763 942 826 translationes
963 764 1144 844 quarundam
1165 766 1276 826 Demo-

175 857 375 919 stheuicamm
396 867 467 917 aute
488 855 629 918 Wolfium
646 877 701 936 per
722 855 816 918 ramos
833 856 923 918 latine
936 856 1116 918 redditurum
1136 857 1279 920 continet.
1398 901 1403 914 .

178 951 328 1012 Videntur
345 969 386 1010 ex
397 950 458 1010 hac
474 949 601 1012 muoso
615 954 792 1027 conjectures
803 949 939 1028 quaedam
951 949 1105 1010 Woltiane
1123 949 1154 1010 in
1172 940 1278 1028 margi-

178 1063 249 1104 nem
271 1042 411 1103 Parisinus
430 1052 463 1102 et
485 1041 517 1101 in
537 1041 664 1102 indieem
683 1039 829 1114 Lambini,
851 1040 990 1102 Parisinoe
1010 1043 1194 1119 subjectum,
1210 1061 1277 1102 esse

206 1227 322 1308 ¹Wollii
340 1227 541 1307 interpretatio
559 1226 677 1307 prodiit·
689 1245 789 1288 mrsus
803 1226 935 1288 Veneriis
955 1227 992 1286 A.
1007 1233 1096 1290 1550:
1114 1229 1205 1290 tribus
1224 1249 1277 1290 ro·

177 1320 345 1392 luminibus,
359 1320 464 1380 iterum
474 1320 602 1380 Basilete
621 1320 659 1381 Α.
674 1324 766 1382 1554.
779 1319 811 1379 in
827 1323 874 1380 12.
895 1337 932 1380 ex
946 1321 1047 1381 woffii
1066 1322 1276 1400 recognitione.

179 1412 266 1474 Idem
280 1414 321 1473 Α.
331 1417 421 1474 1569.
431 1412 558 1472 Bssileoe
567 1410 719 1491 specimen
729 1410 937 1472 Demosthenis
948 1431 1008 1472 ese
1016 1413 1120 1472 iterum
1134 1413 1279 1492 recogniti

180 1504 276 1581 dedit,
293 1505 325 1562 in
341 1509 408 1564 tiro.
427 1503 507 1582 apud
525 1503 724 1590 ¹llerrragium,
738 1504 890 1565 continens
908 1514 1023 1564 tantum
1036 1506 1182 1566 orationes
1195 1507 1278 1586 olyn-

181 1598 297 1658 thiacas
307 1609 368 1658 tres
380 1608 412 1658 et
421 1598 511 1658 uitam
522 1598 730 1658 Demosthenis
743 1607 775 1658 et
787 1597 931 1658 AEschinis
943 1616 1041 1676 grece
1055 1609 1085 1658 et
1097 1599 1196 1670 latine,
1211 1619 1279 1664 cum

180 1690 418 1750 annotationibus
430 1690 643 1770 copiosissimis,
656 1709 722 1769 que
735 1689 834 1750 omnia
850 1701 918 1750 sunt
937 1689 969 1748 in
984 1689 1112 1750 editione
1124 1691 1220 1762 tertia,
1236 1692 1277 1752 A.

181 1786 271 1847 1572.
281 1782 404 1862 prodita,
418 1782 458 1842 de
471 1802 530 1862 qus
540 1782 632 1862 paulo
644 1792 711 1861 post
722 1781 848 1852 dicetur,
858 1783 1036 1842 verbotenus
1045 1783 1184 1863 repeu'tu.
1224 1783 1276 1842 lu·

180 1875 272 1954 signis
282 1874 341 1936 hnc
354 1875 393 1935 de
405 1875 563 1954 specimine
576 1875 658 1934 locus
676 1874 786 1953 legitur
799 1873 1005 1936 Demosthenis
1019 1873 1158 1936 Wollieui
1172 1875 1210 1938 T.
1221 1874 1275 1936 v1.
1310 1877 1312 1880 ’

178 1987 209 2047 p.
222 1971 294 2029 100.
305 1986 334 2029 a
345 1977 427 2029 totus
437 1957 839 2039 marmenem

586 2196 738 2269 ,secu
761 2197 848 2262 vn.
928 2175 932 2184 '

555 2356 603 2415 Dr
621 2358 739 2416 editione
760 2356 902 2415 Parisino.

222 2509 402 2573 Succusana·
416 2509 508 2570 editio
522 2509 650 2570 omnium
662 2510 746 2571 adid
758 2511 900 2595 temporis
919 2511 1153 2593 splendidissime
1165 2523 1196 2575 et
1212 2533 1278 2595 per·

180 2602 342 2665 faunum
355 2603 471 2665 numm
485 2603 525 2663 s.
543 2606 632 2667 1570.
647 2602 676 2662 u
688 2603 936 2686 r0110‚quoequ0s
951 2606 1061 2667 funum
1079 2618 1124 2669 eo
1144 2590 1279 2671 enaim

136 2763 138 2768 ,
179 2706 300 2767 nostre,
309 2695 440 2775 muribus
453 2696 491 2755 de
504 2714 542 2755 es
551 2694 621 2754 mibi
633 2694 794 2757 dicendum
804 2710 859 2759 est.
902 2698 990 2759 Soleo
1003 2698 1082 2757 illam
1094 2701 1182 2761 modo
1196 2700 1278 2759 Pari·

178 2788 282 2859 sinam,
297 2788 385 2847 modo
397 2787 595 2858 Lutetianam,
610 2796 643 2847 nt
654 2790 710 2849 sub
723 2790 832 2869 stylum
845 2790 936 2861 venit,
949 2790 1105 2869 appellere,
1128 2791 1276 2871 Taylorus

180 2900 246 2940 eam
255 2879 621 2961 plerumqueBenenatum
629 2881 770 2959 appellat,
782 2880 861 2962 quod
874 2882 945 2941 illud
954 2882 1131 2961 exemplum,
1145 2903 1203 2961 quo
1215 2884 1278 2963 ipss

140 3013 144 3021 ι
178 2984 318 3043 uteretur,
338 2972 458 3032 Ioannis
472 2972 616 3033 Benenati
640 2974 815 3052 typographi
833 2992 941 3033 nomen
959 2974 990 3033 in
1011 2974 1095 3033 titulo
1113 2975 1277 3054 preferret.

181 3065 288 3144 Coepta
298 3064 397 3125 fuerat
408 3064 477 3124 hanc
490 3063 582 3125 editio
595 3065 636 3125 A.
652 3070 742 3127 1558.
760 3085 779 3124 s
793 3065 951 3125 Guilielmo
966 3064 1103 3139 Morelin,
1117 3067 1169 3127 sed
1184 3080 1278 3131 morte

179 3162 254 3236 ejus,
262 3168 295 3217 et
302 3157 386 3233 bellis
396 3156 528 3217 civilibus
542 3156 714 3235 interrupte,
725 3157 777 3217 diu
791 3176 857 3217 cum
866 3158 1016 3236 jacuisset,
1032 3177 1109 3219 enno
1124 3163 1212 3224 1570.
1225 3160 1277 3222 de-

179 3270 260 3309 mum
281 3249 397 3328 prodiit,
416 3249 498 3327 quod
519 3250 678 3330 Dionysius
694 3249 855 3310 Lambinus
878 3251 909 3309 in
929 3252 1149 3330 prefationibus
1172 3255 1278 3317 iterum

179 3353 270 3419 atque
279 3341 383 3400 iterum
395 3342 534 3413 inculcat,
545 3349 627 3417 cujus
640 3344 732 3403 rerba
744 3344 811 3421 qnia
824 3344 911 3423 paulo
922 3344 1084 3424 copiosiora
1093 3358 1170 3418 sunt,
1179 3368 1277 3428 operae

180 3452 273 3513 parco
286 3432 480 3495 adscribendi.
519 3434 625 3495 Multis
638 3435 809 3515 magnisque
830 3435 965 3495 laudibus
984 3436 1049 3497 hoec
1063 3436 1153 3498 editio
1166 3440 1277 3520 priores

76 3568 79 3575 -
179 3536 300 3605 superat
310 3544 422 3596 omnes,
434 3526 489 3586 aed
500 3546 598 3608 neque
608 3547 708 3587 rursus
719 3528 796 3591 vitiis
810 3540 909 3600 caretg
930 3528 959 3587 id
973 3530 1083 3608 quode
1104 3543 1204 3593 nostra
1219 3534 1278 3595 hac

179 3619 362 3699 prefatione,
378 3618 470 3705 sede
490 3620 566 3680 libro
578 3620 751 3681 variantium
772 3622 899 3680 maxime
913 3622 1067 3683 constabit
1107 3624 1168 3685 Hic
1188 3626 1278 3687 histo·

178 3712 252 3772 riam
266 3718 328 3786 ejus
342 3720 507 3769 contexam.
546 3710 626 3771 Fatis
639 3711 780 3773 defuncto
796 3713 934 3786 Mosella,
949 3714 999 3794 qni
1013 3713 1068 3775 fuit
1080 3719 1278 3797 typographus

178 3805 289 3885 regius,
303 3804 392 3864 homo
409 3822 523 3883 pauper
543 3803 671 3883 quidem,
686 3815 764 3865 teste
783 3806 938 3878 Lambino,
952 3807 1007 3867 sed
1020 3807 1125 3869 doctas
1145 3820 1176 3869 et
1189 3809 1278 3889 frugi,

179 3918 248 3961 cum
265 3898 446 3979 pervenisset
466 3918 542 3977 opus
560 3897 599 3958 ad
616 3897 779 3958 orationem
794 3899 832 3959 de
846 3898 920 3959 tutus
936 3899 1095 3979 legatione,
1111 3903 1206 3977 jacuit
1225 3916 1279 3979 per

179 4013 284 4055 norem
305 4002 439 4053 annoset
450 3992 524 4071 plus,
539 3991 637 4052 donec
647 3991 825 4065 Benenatus,
835 3992 1018 4054 matrimonio
1034 4012 1100 4053 cum
1110 3994 1198 4053 vidua
1208 3993 1278 4052 Mo·

178 4086 244 4147 relli
262 4096 423 4166 contracto,
443 4084 534 4145 totius
553 4083 736 4145 instrumenti
755 4085 958 4166 typographici
977 4085 1110 4162 hereset
1128 4084 1198 4145 artis
1211 4086 1278 4145 sue·

180 4198 280 4241 cessnr
292 4177 399 4249 factus,
413 4176 453 4237 ud
472 4176 703 4237 continuandum
717 4186 749 4237 et
767 4179 969 4257 peragendum
989 4197 1065 4257 opus
1083 4176 1210 4235 animum
1225 4179 1277 4239 ad·

176 4273 259 4348 jecit.
299 4270 329 4331 Is
344 4268 703 4349 DionysiumLambinum
717 4269 799 4341 adiit,
814 4289 930 4348 rogans,
944 4279 978 4329 ut
992 4270 1149 4329 editionem
1163 4282 1278 4333 oumret

43 4410 53 4435 ,
182 4375 271 4442 atque
283 4362 471 4441 gubernaret,
482 4380 585 4421 verum
605 4380 642 4421 ea
659 4381 726 4422 oum
747 4363 894 4434 cautione,
907 4380 945 4421 ue
966 4362 1038 4441 quid
1054 4361 1117 4441 ipse
1135 4379 1189 4422 suo
1202 4367 1278 4427 urbi-

184 4444 263 4515 tiatu
275 4454 305 4514 in
317 4465 400 4515 texto
413 4464 551 4524 mutaret,
561 4454 615 4513 sed
629 4452 756 4532 vulgatae
769 4454 937 4515 inhereret.
977 4453 1025 4513 lta
1038 4452 1160 4515 schedas
1177 4456 1278 4521 More-

173 4548 277 4620 ,lianur
288 4545 447 4607 Lambinus
461 4546 491 4605 in
504 4545 635 4607 ordinem
647 4546 822 4625 composuit,
839 4546 888 4625 qul
909 4545 1055 4623 geminam
1073 4548 1197 4627 prefixit
1216 4555 1277 4615 edi.
