3150 5125
497 413 932 501 nuusuosuriassm
1197 439 1282 523 ,axo

603 714 730 797 secu.
752 706 865 797 xix.

565 902 614 963 Dr
630 902 728 965 Codice
743 902 890 965 Boeotico.

226 1054 312 1128 Posi
328 1059 447 1128 codices
461 1068 652 1146 Augustanos
666 1068 825 1129 dicendum
839 1068 908 1128 mhi
923 1067 1108 1149 superestis
1123 1067 1279 1145 Bavaricn,

185 1174 274 1239 quem
288 1160 408 1221 illustris
421 1160 464 1219 vir
477 1156 560 1219 Felix
571 1160 712 1221 Andreas
723 1160 867 1221 oefelius
878 1180 933 1241 pro
945 1180 998 1222 sua
1008 1162 1171 1237 incredibili
1180 1163 1284 1225 bume-

185 1254 276 1316 nitate
290 1253 454 1315 Monachio
468 1254 507 1315 ad
517 1272 565 1313 me
583 1254 671 1326 misit,
685 1258 807 1332 eiusque
820 1273 905 1313 asum
915 1274 968 1334 per
979 1265 1038 1314 tres
1052 1270 1143 1315 annos
1163 1262 1195 1315 et
1206 1256 1285 1317 ultra

187 1348 256 1408 mihi
274 1348 405 1408 indulsit.
419 1367 448 1407 v.
469 1346 635 1426 EpIstolam
654 1363 750 1406 meam
770 1346 811 1406 ad
830 1344 987 1406 Oellblium
1007 1346 1038 1405 in
1055 1346 1114 1407 bne
1131 1348 1286 1407 voluminis

189 1440 283 1520 quinti
297 1438 503 1500 Anhnadvers.
520 1438 688 1519 adgressos
703 1448 848 1499 auctores.
869 1438 972 1499 Codex
990 1438 1039 1499 hic
1051 1448 1133 1499 tenet
1146 1439 1286 1519 quicquid

187 1530 277 1593 hodie
295 1544 432 1613 superest
448 1548 570 1615 operum
585 1530 881 1592 Demosthenicorum
901 1550 939 1591 eo
953 1530 1062 1602 ordine,
1086 1550 1174 1610 quem
1196 1530 1286 1612 paulo

189 1632 259 1685 unte
279 1625 412 1705 exposui.
453 1624 522 1684 Non
536 1635 582 1685 est
592 1624 727 1704 optimus,
744 1624 799 1683 sed
809 1640 907 1703 neque
923 1624 961 1683 de
971 1622 1113 1703 pessimis,
1127 1624 1286 1684 lectionem

187 1716 360 1797 plerumque
373 1716 492 1795 praefert
503 1716 659 1786 Aldinam;
679 1715 732 1775 sed
746 1714 805 1776 hoc
822 1716 853 1775 in
871 1716 924 1776 illo
938 1716 1042 1776 codice
1061 1727 1108 1776 est
1121 1716 1284 1795 egregium,

186 1807 266 1887 quod
278 1806 402 1868 refertus
416 1818 469 1880 est,
480 1806 619 1868 sarletate
631 1808 791 1883 lectionum
805 1826 893 1888 saper
907 1826 1006 1869 versus
1020 1799 1093 1869 etin
1106 1808 1286 1887 marginibus

188 1900 307 1979 scripta,
322 1899 440 1979 spissius
455 1900 545 1979 initio,
559 1898 651 1960 rarius
674 1900 754 1961 circe
773 1896 873 1961 finem.
915 1902 983 1968 Qua
994 1901 1025 1959 in
1046 1901 1185 1961 varietate
1205 1900 1287 1960 baud

186 2008 254 2068 raro
264 1991 405 2053 lectiones
419 1994 514 2073 reperi
533 1992 613 2053 nullo
628 1992 685 2053 alio
699 1994 729 2051 in
745 1992 850 2053 codice
863 2010 882 2052 a
894 2012 942 2053 me
956 1994 1163 2072 deprehensas,
1178 2012 1287 2073 eosque

187 2104 247 2145 non
261 2086 498 2146 contemnendas.
532 2084 568 2146 In
580 2106 638 2147 una
650 2084 811 2165 praesertim
827 2086 965 2157 oratione,
979 2105 1039 2145 non
1052 2078 1287 2147 succurrit'nunc

188 2192 255 2257 qua,
269 2178 319 2255 hic
338 2178 434 2239 codex
448 2180 486 2239 ab
501 2178 563 2239 aliis
577 2180 710 2239 omnibus
725 2177 852 2238 discedit
865 2176 1016 2237 mitificato
1030 2177 1059 2235 in
1078 2179 1207 2248 modum,
1223 2169 1287 2257 ple-

189 2272 253 2330 nior
275 2280 331 2343 est,
353 2271 520 2331 testImonia
541 2270 592 2329 dat
614 2270 738 2347 integra,
760 2286 825 2347 quae
845 2268 951 2328 nostris
964 2267 1130 2347 vulgaribus
1143 2267 1222 2328 librIs
1236 2269 1288 2328 de·

188 2367 267 2436 sunt,
281 2372 314 2422 ut
328 2363 414 2443 plane
429 2381 467 2423 ex
480 2362 537 2422 allo
550 2362 634 2421 fonte
648 2377 782 2419 manasse
792 2358 922 2419 videatur
930 2360 995 2421 baec
1009 2360 1110 2434 oratio,
1124 2380 1212 2441 quam
1224 2360 1299 2420 rul->

192 2472 278 2534 geres
292 2454 448 2515 editiones.
489 2454 565 2519 Quae
578 2472 626 2511 res
638 2447 709 2510 mihi
722 2469 862 2531 perquam
875 2451 948 2512 mire
961 2454 1076 2527 accidit,
1096 2464 1131 2513 ut
1143 2465 1288 2533 nequeam

191 2544 355 2626 intelligere
370 2544 448 2607 unde
462 2544 505 2606 sic
524 2544 664 2606 evenerit.
707 2544 863 2606 Bavarieus
884 2546 1054 2627 plerumque
1078 2548 1166 2628 plena
1185 2560 1216 2608 et
1237 2564 1289 2609 ert·

191 2639 303 2720 'plicata
322 2639 373 2698 dat
392 2637 545 2708 vocabula,
566 2635 630 2697 sine
652 2631 848 2719 apostropbis,
872 2651 1080 2719 contraquam
1103 2641 1288 2719 Augustanus
1386 2700 1394 2720 ,

191 2731 312 2810 primus,
328 2730 377 2810 qui
392 2729 585 2810 apostrophos
599 2738 686 2790 amat.
701 2741 736 2790 ut
749 2747 777 2789 e.
792 2749 818 2792 c.
832 2749 887 2810 pro
907 2729 981 2791 rodi!
994 2734 1065 2790 otro
1079 2732 1130 2790 dat
1143 2740 1222 2791 τοῦτο
1243 2726 1290 2790 oi·

192 2847 257 2890 τως.
272 2835 340 2883 ntm
355 2843 433 2903 saepe
453 2822 503 2882 dut
516 2821 603 2888 οὕτως
617 2836 684 2882 cum
701 2823 819 2888 setiam
840 2823 1013 2902 insequente
1027 2841 1166 2883 consona.
1180 2822 1291 2883 Exara-

190 2925 239 2974 tus
254 2923 306 2986 est,
319 2926 395 2975 teste
406 2916 524 2975 Cobero
536 2931 614 2987 meo,
628 2914 674 2973 cui
688 2915 810 2994 prImam
820 2915 908 2994 hujus
922 2914 1033 2975 codicis
1044 2915 1292 2988 notitiemdebeo,

193 3007 286 3087 etqui
300 3007 392 3068 oculis
406 3006 508 3066 iisdem
522 3007 590 3067 suis'
600 3017 661 3066 tam
682 3005 835 3067 Monachii
854 3006 934 3067 hunc
947 3007 1190 3077 Demosthenem,
1204 3013 1291 3085 quani

193 3099 319 3160 eroticos
334 3099 490 3158 Florentius
502 3099 584 3169 vidit,
599 3099 637 3158 ab
650 3099 754 3159 eadem
766 3119 864 3171 manu,
878 3120 945 3180 quae
956 3099 1159 3178 Xenophontis
1170 3100 1291 3179 Ephesii

193 3201 225 3250 et
237 3189 400 3252 Charitonis
408 3190 645 3270 Aphrodisiensis
658 3191 794 3252 codicem
808 3191 1008 3252 Florentinum
1022 3191 1162 3261 exaravit,
1175 3191 1232 3251 hoc
1246 3202 1293 3251 est

194 3282 314 3353 soeculo,
326 3291 360 3340 ut
373 3282 566 3356 existimatur,
579 3279 649 3343 XII.
663 3294 714 3343 aut
728 3280 815 3342 XIII.
829 3279 919 3344 literis
940 3283 1068 3356 minutis,
1083 3284 1135 3344 sed
1150 3285 1292 3361 elegenti-

193 3373 250 3432 bus
262 3383 293 3431 st
307 3373 465 3452 perspicuis
479 3375 618 3452 lectuque
631 3375 724 3454 plenis
735 3375 764 3433 in
775 3375 1075 3456 chartabombycina‚
1085 3394 1195 3446 crassa,
1204 3376 1291 3448 devm

194 3481 249 3544 per
261 3462 345 3530 binus
358 3463 518 3546 colummis.
559 3465 700 3527 Habebat
720 3466 863 3525 nonnulla
883 3467 1013 3547 egregio,
1035 3478 1066 3526 et
1088 3466 1204 3528 inventu
1226 3487 1292 3528 rara

195 3549 349 3616 ¹vetustatis
369 3551 484 3615 indicis.
503 3565 537 3615 ut
550 3555 694 3617 clausulas
708 3556 737 3616 in
750 3555 811 3618 line
829 3557 1001 3631 orationum,
1014 3577 1074 3618 non
1087 3547 1184 3631 tumen
1198 3561 1292 3619 omni-
1402 3631 1409 3643 ἡ

195 3661 256 3719 um,
271 3647 325 3707 sed
338 3663 438 3708 earum
451 3647 632 3707 solummodo
645 3649 718 3719 lere,
731 3665 797 3728 quae
810 3650 933 3730 primam
947 3661 982 3710 et*
990 3649 1147 3711 secundam
1168 3651 1292 3712 classem

196 3753 236 3799 ex
251 3734 452 3800 distributione
466 3739 613 3800 Wotflana
626 3740 815 3814 constituunt,
828 3741 932 3821 quibus
945 3742 975 3802 in
989 3743 1126 3804 clausulis
1146 3744 1293 3805 indicetur

195 3845 334 3892 numerus
347 3841 403 3892 rur
423 3837 549 3916 στίχωνε
572 3843 688 3896 constat
700 3832 766 3893 hoec
779 3833 827 3893 uel
847 3833 927 3894 istaec
948 3835 1040 3895 oratio
1060 3847 1105 3896 tot
1118 3837 1164 3897 vel
1179 3847 1223 3897 tot
1235 3841 1294 3896 στί-

196 3945 272 4004 χοις.
292 3925 383 3985 habet
396 3924 426 3983 in
440 3919 619 4004 margimbus
632 3925 700 3984 item
712 3935 847 3986 numeros
862 3927 988 4006 capitum
1011 3944 1050 3990 ex
1066 3940 1183 3990 vetusta
1196 3929 1292 3988 distri·

196 4015 328 4088 batione,
341 4033 407 4096 quse
423 4017 519 4096 capita
533 4017 648 4095 elgnata
662 4012 745 4077 eient
757 4018 848 4078 literis
866 4018 1013 4100 alphabeti
1034 4022 1124 4100 groeci
1138 4021 1294 4096 majoribus

198 4103 240 4168 Α.
252 4107 285 4168 Β.
297 4101 330 4168 Γ.
342 4121 400 4168 etc.
442 4109 478 4167 In
492 4110 575 4169 calce
590 4109 686 4188 operis
697 4111 784 4169 etlam
798 4111 851 4170 has
865 4110 1066 4172 dIstinctIoues
1079 4111 1225 4171 veteribus
1238 4111 1295 4170 usi-

197 4209 274 4260 tatas
292 4199 322 4258 in
342 4203 455 4279 majore
466 4211 617 4280 segmenta
637 4219 689 4274 seu
710 4203 808 4282 cupita
821 4223 881 4263 una
894 4203 923 4262 in
937 4197 1047 4264 tabella
1065 4200 1293 4282 repraesentabo,

198 4291 238 4350 ad
252 4291 372 4370 paginas
386 4304 492 4352 nostroe
507 4293 651 4366 editionis,
666 4315 732 4354 cum
754 4294 1002 4355 absoluta-luerit.
1043 4292 1146 4353 Habet
1158 4293 1229 4353 item
1242 4315 1294 4374 pa-

198 4385 369 4463 tagraphos,
392 4385 446 4444 sed
468 4384 582 4444 direrso
602 4387 691 4445 modo
705 4386 821 4458 divIsas,
846 4398 935 4465 atque
957 4380 1294 4466 in'Augus'tanoprimo,

202 4493 275 4552 quas
295 4477 489 4557 paragraphus
511 4493 568 4555 ego
590 4478 621 4535 in
644 4478 772 4537 editione
792 4494 858 4538 mea
878 4478 962 4555 signo
982 4477 1151 4556 §indicari
1192 4477 1295 4549 Habet

200 4565 319 4628 tandem
338 4579 369 4626 et
386 4569 496 4630 scholia
509 4568 633 4652 duplicis
647 4571 774 4646 generis.
788 4570 845 4631 alia
857 4569 1024 4646 vetustiora,
1047 4569 1104 4632 alia
1122 4567 1293 4634 recentiora.
