3150 5125
389 430 449 488 AD
472 426 593 489 SUUM
613 426 840 513 DEMOSTH.
861 424 1082 486 PRAEFATT.
1239 424 1283 485 lsi

189 582 312 641 moun
324 581 450 653 metet,
473 594 503 642 et
522 582 650 663 publice}
671 582 706 643 rit
726 602 820 663 spero,
832 580 911 641 utilis
923 580 1069 659 augendae
1082 579 1280 658 omandteque

188 672 305 733 ilbrstris
325 674 519 737 Bibliotheca
536 686 641 755 resae
662 686 693 734 et
705 674 815 735 schole
828 675 875 749 (in
889 692 977 753 quem
988 691 1047 730 uon
1060 671 1185 749 exiguos
1200 688 1281 729 sunr-

188 764 355 845 tesl'acitis)
368 788 423 846 pro
437 768 510 826 uirili
523 788 589 827 mea
602 766 719 826 tuende
742 777 773 826 st
796 762 974 842 adjuteudaa,
983 763 1162 842 'occupatior
1182 779 1287 840 oeque·

179 856 304 917 'calamo
315 870 345 918 et
357 860 470 939 scriptis
494 860 658 939 complures
679 878 731 938 per
750 858 899 937 Europam
917 856 1062 916 studiosus
1082 855 1282 915 adolescentes

190 946 340 1009 sednon
353 952 479 1011 occasio.
520 952 618 1010 Multa
631 962 698 1012 sunt
711 951 833 1029 egregia
843 961 949 1009 vestre
962 949 1084 1008 ciuitatis
1097 957 1282 1007 ornamenta:

192 1040 371 1121 Respublica
391 1042 555 1121 equissime
574 1054 605 1103 et
625 1043 847 1121 prudentissime
869 1046 1041 1103 constituta:
1062 1040 1179 1118 publica
1191 1039 1285 1117 priva·

193 1142 283 1211 teque
304 1135 525 1213 magnificentie,
546 1135 735 1215 hospitalitas,
762 1135 921 1205 urbanitas,
941 1133 1136 1192 beneficentia
1155 1134 1185 1191 in
1205 1131 1284 1191 cirea

194 1226 358 1289 tenuiores:
380 1228 569 1287 demonibus
587 1224 818 1289 benemerendi
839 1226 976 1293 studium,
994 1224 1118 1283 laedendi
1130 1224 1284 1294 neminem,

194 1318 247 1378 nisi
262 1320 303 1378 vis
316 1320 511 1400 propulsanda
528 1320 583 1381 sit:
605 1333 709 1381 contra
728 1338 816 1397 quem
830 1331 861 1378 et
883 1320 1035 1389 moenibus,
1057 1331 1087 1378 et
1111 1319 1234 1387 auxiliis,
1254 1326 1288 1376 et

195 1423 372 1483 commeatu,
386 1410 508 1472 et'ornui
522 1430 666 1471 armorum
680 1426 799 1489 genere,
816 1410 857 1469 ita
875 1410 967 1489 parati
985 1422 1016 1469 et
1033 1410 1134 1468 muniti
1152 1409 1233 1479 estis,
1253 1418 1288 1467 nt

196 1520 293 1580 neque
308 1503 459 1563 lacessatis
472 1522 648 1582 quenquam,
660 1514 691 1563 et
704 1500 775 1561 nihil
796 1502 897 1579 magis,
911 1520 998 1579 qnam
1007 1520 1123 1580 penem,
1138 1499 1289 1559 concordi·

198 1610 255 1661 am,
270 1593 516 1671 tranquillitatem,
541 1592 682 1655 bonorum
703 1594 831 1653 omnium
850 1594 1005 1652 amicitiem
1018 1594 1092 1653 votis
1104 1613 1141 1653 ac
1154 1594 1289 1672 precibus

198 1704 218 1745 a
230 1685 300 1744 Deo
314 1685 385 1764 Opt.
400 1686 482 1745 Max.
503 1687 655 1765 expetatis.
696 1688 771 1752 Qum
784 1686 900 1745 moeni
914 1687 1075 1757 excellunt,
1089 1697 1122 1745 et
1134 1685 1226 1764 magis
1245 1685 1290 1743 in·

199 1780 320 1837 curmut
330 1777 359 1835 in
371 1778 496 1855 cujusvis
508 1779 623 1857 generis
643 1779 792 1837 hominurn
806 1780 907 1838 oculos
927 1790 958 1838 et
971 1776 1091 1839 sensus:
1111 1788 1210 1837 tamen
1223 1798 1289 1837 eru-

106 1932 110 1937 ,
199 1868 252 1929 dri
265 1868 326 1939 viri,
341 1880 372 1929 et
392 1872 488 1931 omnia
500 1890 571 1931 uero
588 1871 699 1950 judicio
719 1872 926 1949 ponderantes,
947 1871 1017 1929 illud
1037 1890 1096 1930 non
1117 1872 1146 1927 in
1166 1870 1289 1929 minimis

198 1960 301 2019 restris
315 1961 449 2021 laudibus
459 1973 580 2040 ponunt,
591 1964 680 2041 quod,
694 1974 728 2021 ut
741 1963 809 2022 olirn
821 1963 955 2032 Athenon,
970 1961 1158 2031 Alexandria,
1170 1962 1289 2032 Tereus,

201 2050 336 2132 Berytus,
350 2064 382 2112 et
397 2065 498 2115 nosne
518 2064 616 2124 oetate,
631 2050 772 2126 Bononia,
786 2055 917 2125 Lutetia,
933 2055 1107 2132 Argenuus,
1127 2055 1292 2132 complures
1344 2112 1349 2119 ,

201 2144 266 2204 alias
285 2145 410 2205 illustres
429 2146 570 2218 civitates,
586 2146 678 2206 Musis
696 2148 783 2205 etiam
798 2157 829 2205 et
842 2145 961 2215 Gratiis,
975 2146 1031 2203 hoc
1044 2157 1099 2215 est,
1112 2145 1248 2204 studiosis
1261 2156 1294 2205 et

201 2236 295 2299 doctis
306 2237 469 2297 hominibus
482 2238 512 2295 in
522 2249 628 2308 vestra,
639 2258 708 2297 rere
722 2248 848 2315 augusta
860 2239 943 2305 urbe,
954 2256 1013 2294 non
1025 2236 1182 2313 hospitium
1194 2237 1293 2306 modo,

203 2330 256 2389 sed
270 2329 445 2390 domicilium
460 2331 548 2389 etiarn
562 2348 626 2389 esse
640 2329 784 2389 voluistis.
827 2328 888 2387 Etsi
908 2339 1004 2387 autem
1025 2346 1085 2387 non
1105 2328 1216 2405 ignoro,
1228 2348 1295 2389 con·
1416 2381 1421 2391 .

204 2420 287 2497 queri
307 2422 420 2491 multos,
434 2440 531 2498 neque
545 2420 675 2479 fortassis
689 2421 800 2498 absque
814 2440 911 2492 causo,
924 2430 986 2479 tum
998 2420 1036 2479 de
1049 2420 1182 2479 moribus
1189 2420 1294 2481 docto.
1411 2452 1415 2462 =

206 2530 269 2572 rum
278 2513 460 2591 quorundam
468 2511 560 2572 minus
570 2512 696 2591 probatis
706 2530 713 2572 :
725 2522 798 2583 tum,
806 2512 1023 2573 scribendorum
1033 2512 1172 2572 librorum
1182 2512 1295 2574 nullum

207 2621 271 2664 esse
285 2605 381 2675 finam,
395 2608 517 2683 quor‘nm
530 2603 658 2684 plerique
673 2605 740 2664 nihil
754 2605 808 2664 nisi
827 2616 878 2664 aut
895 2605 1014 2683 ingenia
1032 2617 1187 2684 occupent,
1208 2608 1296 2666 rebus

208 2697 372 2758 melioribus
385 2709 532 2768 vacatura,
554 2708 604 2756 aut
618 2698 840 2777 Rempublicam
854 2699 1056 2771 Christianam,
1075 2697 1180 2775 alioqui
1199 2717 1296 2758 rerum

206 2809 321 2850 suarum
344 2800 535 2869 satagentem,
559 2791 650 2868 magis
671 2789 758 2850 etiam
781 2792 971 2870 perturbent:
991 2790 1062 2848 milui
1081 2801 1180 2849 tamen
1192 2791 1231 2850 de
1248 2799 1296 2850 me

206 2883 303 2942 dicere
314 2895 410 2961 neque
424 2901 545 2942 necesse
559 2893 611 2954 est,
627 2901 724 2962 neque
734 2883 883 2952 decorum,
894 2883 1064 2961 vigesimum
1073 2887 1134 2959 jam
1147 2901 1254 2942 annum
1267 2884 1297 2941 in

205 2973 260 3034 hec
274 2973 356 3046 urbe,
370 2973 432 3032 sine
447 2977 628 3058 cujusquam,
643 2985 676 3033 ut
690 2975 881 3054 opinor,boni
891 2975 944 3033 viri
957 2975 1019 3033 ulla
1031 2975 1150 3053 querela
1162 2975 1296 3054 degenti:

204 3076 235 3125 et
247 3085 377 3125 meorum
391 3061 581 3145 scriptionum
591 3065 731 3125 hactenus
742 3065 831 3144 longe
844 3067 929 3125 ubam
941 3067 1032 3126 fuisse
1045 3067 1194 3139 rationem,
1205 3067 1298 3126 oroni-

202 3159 257 3217 bus
267 3157 362 3217 doctis
377 3157 560 3236 candideque
569 3157 776 3233 judicantibus,
791 3169 977 3236 perspectum
990 3170 1021 3217 et
1034 3159 1218 3238 exploratum
1230 3179 1297 3220 esse

205 3247 331 3308 confido.
364 3249 470 3328 Neque
484 3248 562 3308 enim
576 3267 642 3308 urea
652 3250 761 3310 omnnia
774 3249 881 3308 chartis
890 3251 986 3309 illevit
1000 3267 1097 3328 oeque
1109 3250 1236 3309 rixarum
1246 3261 1297 3310 aut

206 3341 354 3400 turbarum
379 3342 533 3420 quiequam
556 3341 647 3400 dedi:
677 3361 773 3420 neque
795 3341 954 3401 insanabile
980 3343 1126 3402 scribendi
1139 3343 1297 3404 cacoethes

207 3432 299 3511 (quod
312 3442 412 3492 tenere
425 3433 539 3502 multos,
554 3433 584 3490 in
598 3451 758 3512 eorumque
771 3453 852 3511 aegro
867 3434 957 3492 eorde
971 3450 1134 3506 senescere,
1149 3433 1299 3515 Satyrione

206 3524 347 3604 queritur)
361 3525 470 3603 impetu
481 3526 609 3602 quodam
621 3527 706 3585 animi
721 3527 878 3585 temerario
891 3538 981 3605 atque
993 3546 1074 3587 caeco
1085 3537 1204 3587 secutus
1217 3549 1297 3588 sum:

208 3616 310 3676 sedin
333 3617 536 3678 convertendis
559 3627 590 3676 et
611 3618 792 3678 declarandis
813 3619 935 3677 vetustis
957 3619 1113 3690 autoribus,
1133 3620 1298 3680 seculorum

209 3709 338 3768 omnium
351 3721 383 3769 et
396 3711 543 3768 nationum
554 3728 696 3769 consensu
711 3712 887 3791 approbatis,
896 3712 1009 3782 sedulo,
1023 3730 1079 3771 nec
1088 3713 1152 3771 sine
1163 3733 1299 3773 successu

209 3801 358 3872 mediocri,
376 3805 484 3882 (quern,
500 3802 543 3861 uti
564 3822 619 3880 par
638 3813 694 3874 est,
712 3803 815 3862 divine
833 3804 1006 3882 benignitati
1026 3815 1178 3884 acceptum
1192 3806 1300 3878 refero)

210 3891 365 3954 elaborari.
407 3896 442 3954 ld
455 3895 535 3973 quod
555 3895 641 3954 toties
654 3896 788 3976 repetite
801 3896 830 3954 in
844 3897 1012 3968 Germania,
1036 3898 1142 3969 Gallie,
1160 3899 1245 3957 Italia
1257 3898 1301 3955 lu·

211 3987 412 4047 cubratiounm
425 4007 555 4052 mearum
566 3989 708 4048 editiones
718 3988 817 4047 testari
830 4001 975 4068 poterunt.
1017 3989 1127 4049 Modus
1141 3990 1268 4049 fortassis
1281 4009 1301 4048 a
1394 4058 1397 4064 ⁴

210 4095 258 4138 me
272 4077 426 4162 desiderari
442 4090 540 4159 queat,
560 4091 591 4139 et
605 4081 748 4158 ignoratio
761 4081 882 4140 tollendi
896 4101 1012 4140 menum
1026 4083 1064 4141 de
1081 4081 1193 4157 tabula,
1207 4091 1238 4139 et
1251 4091 1301 4139 su·

160 4245 165 4264 ,
211 4189 393 4250 perracanea
412 4171 469 4230 mei
487 4172 575 4250 ipsius
590 4174 736 4233 nocturnis
748 4173 916 4252 diurnisque
935 4174 1082 4233 laboribus
1094 4172 1243 4232 afflictatio
1254 4192 1301 4233 rc·
1354 4175 1357 4182 '

211 4264 363 4342 prehendi,
376 4275 483 4324 ernust
497 4274 567 4325 aetas
578 4275 609 4324 et
622 4265 758 4325 valetudo
773 4277 838 4326 drea
852 4267 979 4345 quietem
995 4265 1092 4344 potius
1109 4275 1197 4340 atque
1211 4264 1303 4326 otium

212 4358 403 4433 postularent·
443 4357 562 4438 Utinam
577 4377 646 4418 vero
660 4378 716 4417 non
730 4359 849 4436 quidem
864 4377 900 4418 ee
914 4377 1007 4417 emeno
1020 4357 1117 4414 ferrea
1130 4365 1160 4413 et
1173 4359 1303 4437 corporis

214 4457 244 4505 et
265 4450 349 4506 enimi
371 4450 517 4526 patientis,
532 4469 598 4528 quoe
613 4451 718 4512 Catoni
733 4452 876 4510 Censorio
885 4450 1032 4517 tribuitur,
1046 4447 1238 4530 rarissimique
1252 4473 1305 4511 ex·

215 4541 300 4618 ampli
311 4553 375 4599 est:
394 4540 445 4600 sed
460 4541 508 4602 illa
516 4551 629 4606 tentum
643 4543 688 4602 vel
703 4541 789 4601 enimi
801 4541 965 4602 constantia
978 4551 1008 4600 et
1022 4539 1184 4615 tolerantia,
1200 4545 1244 4602 vel
1260 4545 1301 4603 vi·
