3150 5125
523 365 586 428 AD
606 361 959 429 DEMOSTHENEMt
1234 361 1295 430 -elr

196 519 384 600 templario
396 516 568 584 Danesiani.
604 519 754 586 Quinum
774 536 815 578 ex
835 517 960 580 obscura
973 460 1136 598 llleruogii
1159 515 1291 582 modone

195 610 316 690 colligo,
339 630 387 674 res
404 613 446 674 sic
459 611 558 674 habet.
598 608 786 688 Herwagius,
806 629 859 691 per
874 610 917 672 lo.
929 609 1122 690 Sphyrscten,
1136 619 1292 687 rogaverat

194 702 367 776 Dumium,
377 716 421 777 ut,
434 705 461 764 ai
472 704 545 784 quid
556 696 679 764 haberet
691 703 754 781 opis
767 703 807 763 ad
821 703 1037 765 emendandum
1049 700 1290 772 Demosthenem,

187 793 224 854 id
237 794 394 858 conferret.
434 796 539 858 Motus
559 795 605 856 hie
621 794 758 875 precisus
774 795 921 858 Dauesim
938 793 1071 856 codicem
1084 794 1290 872 nescioquem

191 885 403 954 Demosthenis
427 909 494 950 cum
517 886 629 948 Aldina
649 887 782 960 contulit,
807 907 930 967 eamque
950 887 1136 948 collationem
1157 886 1196 947 ad
1210 887 1290 946 Her·

190 978 320 1058 νιςίιιω
332 981 419 1041 misit.
461 981 522 1042 Sed
534 1000 572 1044 ea
588 1000 655 1042 sero
668 981 747 1042 venit
766 1001 854 1060 opera
872 983 934 1059 jam
954 981 1098 1042 absoluto.
1139 977 1290 1040 Falluntur

190 1091 267 1153 ergo
279 1074 332 1133 viri
345 1073 436 1147 docti,
449 1074 499 1154 qui
518 1073 681 1154 perhibent,
703 1074 890 1135 collationem
912 1073 1048 1134 codicum
1062 1092 1082 1132 a
1095 1071 1225 1132 Danesio
1238 1089 1289 1132 ex-

191 1168 389 1231 cussommin
400 1167 457 1229 hac
471 1167 671 1247 Hemgiuna
682 1165 814 1246 reperiri.
854 1165 936 1226 Nihil
950 1167 1015 1244 ejus
1030 1165 1069 1224 ibi
1084 1177 1137 1235 est,
1149 1183 1244 1244 neque
1257 1163 1289 1224 iu

190 1258 348 1337 vestigium
366 1259 459 1320 ullum
477 1259 641 1320 collationis
653 1260 740 1333 hujus
755 1256 930 1318 Danesianoe
950 1255 1047 1325 incidi,
1061 1256 1139 1316 unde
1153 1267 1204 1316 aut
1217 1275 1289 1318 con·

187 1360 295 1422 staret,
305 1362 358 1411 ant
368 1350 496 1432 conficio
509 1351 606 1411 saltim
616 1359 797 1422 nasceretur,
811 1369 870 1429 qua
882 1358 960 1410 sorte
974 1367 1033 1408 uua
1045 1348 1081 1408 sit
1095 1348 1145 1408 illa
1158 1348 1288 1420 collatio,

190 1461 303 1521 quatro
315 1443 348 1505 in
357 1463 459 1507 manus
468 1442 645 1523 pervenerit.
684 1444 762 1504 Hac
773 1443 811 1503 de
823 1439 1187 1519 Herwaginnssufficiant.
1216 1441 1296 1502 Ver·

191 1535 283 1600 satior
295 1536 429 1621 siessem
449 1536 479 1596 in
498 1535 620 1596 historia
631 1535 758 1596 literaria
772 1535 880 1596 Soeculi
891 1534 976 1595 XVI.
987 1545 1120 1614 poteram
1134 1533 1183 1594 hic
1196 1533 1288 1596 multo

191 1627 287 1707 plura,
302 1647 396 1708 eaque
410 1627 483 1688 scita
500 1647 597 1706 neque
608 1627 769 1706 injucunda
783 1628 822 1688 de
843 1627 893 1686 illo
909 1626 1018 1697 Clario,
1033 1627 1080 1686 cui
1095 1627 1196 1691 Aldus
1204 1647 1287 1686 suum

192 1719 425 1780 Demosthenem
443 1719 608 1798 adscripsit,
623 1720 662 1778 de
676 1719 915 1789 Carteromacho,
935 1719 973 1778 de
989 1718 1078 1778 Petro
1093 1719 1233 1791 Danerio,
1248 1719 1287 1780 de

189 1807 432 1891 Baumgartnero,
449 1811 624 1891 Sphyrocte,
638 1810 791 1881 Reubero',
807 1810 938 1890 Oporino
957 1810 1069 1870 afferre.
1098 1813 1178 1878 ,Quo
1192 1811 1220 1871 in
1234 1831 1287 1890 ge·

188 1921 261 1963 nere
270 1904 350 1962 cives
361 1903 430 1975 mei,
438 1900 744 1982 Germani,gloriolam
755 1902 905 1973 affectant,
914 1903 1018 1962 exteris
1028 1902 1188 1962 ridiculam.
1210 1903 1287 1962 Mihi

186 2013 259 2054 vero
271 1994 421 2074 ingenium
440 1995 478 2055 ab
492 1994 635 2070 ejusmodi
655 1993 823 2064 sedulitate,
837 2012 896 2052 non
911 1996 1027 2070 prorsus
1045 1995 1096 2054 illa
1110 1995 1229 2076 quidem
1242 1995 1285 2054 in·

186 2085 349 2163 irocmosa,
363 2106 461 2168 neque
474 2086 562 2168 plane
575 2087 803 2160 contemnenda,
818 2085 967 2146 abhorret.
1017 2127 1020 2132 -

634 2348 762 2428 SECT.
784 2347 849 2415 IV.

565 2507 613 2568 De
632 2453 748 2570 editione
768 2509 909 2571 feliciani.

229 2668 340 2727 Vrmo
353 2684 433 2726 nnnc
442 2664 481 2726 ad
492 2664 661 2739 editionem,
672 2685 741 2745 que
749 2666 1042 2729 Demosthenicarum
1050 2666 1179 2727 omnium
1192 2666 1284 2731 ferto

187 2762 310 2841 optima,
331 2770 364 2820 et
382 2759 627 2831 emendatissima,
650 2779 711 2839 quo
729 2760 809 2839 quod
830 2760 989 2821 carendum
1007 2760 1079 2821 mihi
1096 2760 1185 2821 fuerit
1203 2778 1284 2839 egra

184 2854 261 2915 fero.
303 2850 374 2913 Non
389 2851 492 2911 dubito
512 2852 633 2932 quidem
651 2871 719 2912 eam
739 2849 770 2910 in
794 2852 851 2912 hac
872 2854 945 2913 urbe
967 2867 1043 2923 esse,
1055 2853 1086 2911 iu
1105 2851 1285 2915 bibliotheca

182 2946 238 3007 riri
250 2944 444 3016 celeberrimi,
459 2945 490 3003 in
503 2964 563 3023 qua
581 2953 694 3023 perlem
714 2949 777 3020 dus
797 2944 916 3005 memini
938 2946 1037 3008 multis
1050 2956 1120 3005 ante
1138 2945 1221 3005 annio
1240 2944 1284 3003 ri·

183 3037 266 3110 dere}
275 3037 330 3099 sed
338 3037 390 3097 ille
398 3056 417 3097 a
425 3056 474 3097 me
487 3048 610 3115 rogatus
618 3036 738 3115 negavit
750 3036 807 3097 ribi
821 3040 883 3112 eius
896 3036 1008 3116 copiam
1020 3056 1096 3107 esse,
1107 3042 1283 3115 quacunque

180 3131 303 3192 tandem
315 3130 426 3190 doctm-
439 3147 554 3199 canesa,
573 3128 687 3208 dequo
704 3128 851 3207 integrum
868 3128 974 3208 cuique
995 3128 1033 3189 sit
1048 3148 1103 3208 pro
1117 3148 1171 3188 suo
1191 3146 1280 3189 rento

183 3222 363 3286 existimare.
403 3220 554 3299 Quicquid
566 3223 630 3299 ejus
650 3230 708 3291 est,
721 3220 778 3281 hac
792 3220 933 3291 editione,
947 3220 977 3281 in
997 3220 1129 3281 curanda
1141 3238 1218 3289 mea,
1233 3239 1281 3281 cs·

184 3314 310 3375 rendum
322 3312 393 3371 mihi
404 3312 460 3371 suit
472 3312 646 3384 necessario,
660 3312 711 3373 illa
724 3324 805 3392 puta,
820 3332 887 3391 que
900 3312 1033 3373 Venetiis
1046 3332 1124 3372 anno
1140 3317 1228 3375 1548.
1243 3332 1281 3373 en
1301 3358 1304 3376 .

183 3404 302 3469 officina
312 3403 460 3464 Francisci
469 3404 629 3482 Bruccioli‚
637 3404 772 3465 informa
780 3414 886 3465 octavo
898 3404 989 3465 tribua
1001 3403 1194 3464 voluminibus
1208 3422 1281 3465 cura

184 3498 233 3559 lo.
247 3495 394 3557 Bernardi
405 3494 545 3555 Feliciani
557 3495 678 3574 prodiit.
719 3496 767 3555 Ex
779 3496 837 3557 hac
850 3514 928 3575 stepo
941 3498 1035 3557 bonas
1047 3493 1280 3557 lectionesWoli

182 3590 306 3671 profert,
326 3588 475 3649 interdum
493 3588 683 3660 feliciosorum,
701 3589 748 3648 vel
765 3588 942 3659 Felicionem,
962 3588 1033 3649 alias
1056 3590 1278 3661 Bmciolrnrem,

182 3683 234 3746 rel
247 3682 431 3753 Braceiolam,
444 3679 606 3760 appellans.
646 3678 848 3759 Preterqoam
862 3679 942 3760 quod
956 3681 1056 3742 rnultoe
1077 3682 1149 3741 texti
1168 3682 1281 3743 Demo·

183 3773 310 3837 athenici
327 3772 444 3834 menda
460 3772 493 3830 in
513 3772 572 3831 hoc
593 3770 723 3833 editione
743 3771 907 3833 emendate
927 3783 1004 3845 sont,
1019 3785 1050 3833 et
1068 3773 1099 3833 in
1119 3774 1217 3852 primis
1229 3774 1281 3835 illa

184 3865 332 3929 abnmmis
341 3862 526 3945 perturbatio
537 3861 727 3942 inprooemiis
739 3881 836 3923 rursus
847 3862 886 3922 ad
894 3864 1026 3925 ordinem
1036 3876 1182 3937 revocata,
1190 3864 1280 3927 index

81 3953 90 3973 ⁸
184 3956 482 4040 quoquevariantium
492 3954 622 4015 Aldinos
633 3965 739 4015 auctus
749 3962 780 4015 et
789 3954 963 4017 emendatus
978 3968 1033 4018 est.
1055 3958 1133 4017 Hoec
1146 3957 1281 4019 universe

183 4052 283 4113 liabeo
294 4068 391 4129 pauca
403 4049 452 4109 de·
460 4046 663 4109 hac-editione
673 4066 741 4124 qua
753 4045 849 4107 dicam
862 4066 900 4107 ex
912 4048 1034 4109 aliorum
1046 4047 1117 4109 fide.
1157 4048 1205 4107 De
1219 4046 1281 4106 edi·

183 4144 265 4208 riom
288 4140 428 4203 Feliciani
448 4140 646 4201 testimonium
667 4136 778 4209 Wollii,
803 4138 884 4218 quod
905 4140 1019 4219 insigne
1041 4150 1087 4199 est
1106 4138 1146 4197 ad
1169 4157 1280 4215 cogno·

184 4234 323 4300 erendum
331 4234 421 4314 ipsine
432 4232 533 4293 wolni
544 4232 712 4307 editionem,
721 4251 750 4292 r.
759 4252 790 4312 p.
801 4234 852 4296 72.
861 4231 921 4293 col.
932 4232 1053 4299 aainitio
1062 4230 1280 4293 annotationum

185 4326 287 4389 Woltii
299 4326 350 4406 (td
362 4324 502 4405 prooemia
520 4323 808 4401 Demosthenicaiut
821 4324 895 4383 etin
909 4323 1032 4405 epietola
1044 4322 1139 4401 priore
1152 4322 1191 4383 ad
1204 4322 1283 4404 Fug-

185 4438 310 4501 gemme
332 4418 413 4479 unde
437 4415 609 4493 intelligitur
634 4413 775 4475 Wolfium
801 4432 930 4489 curasse,
951 4424 990 4479 nt
1017 4412 1215 4495 Herwagiana
1233 4436 1280 4477 ω.
1328 4492 1334 4501 1

185 4509 292 4583 eundo,
306 4528 361 4575 seu
372 4508 477 4583 minor,
488 4506 520 4569 iu
538 4517 652 4580 octavo,
664 4504 705 4567 od
722 4504 919 4569 Felicianeam
940 4519 1125 4586 expressae
1137 4524 1170 4569 os
1182 4513 1281 4575 emen
