3150 5125
376 356 378 359 ’
413 399 471 463 ιο
490 397 853 463 sununnuosnu.
874 398 1092 463 rumam.
1251 403 1293 465 ιιι

202 556 270 633 χίας
288 554 514 637 ραροψνχοτέρρ
534 562 583 615 τοῦ
596 554 704 625 δέοντος
719 562 899 639 γιγινηρίνρ
912 558 1091 638 peucetiam
1108 560 1295 621 otomanus

201 642 330 703 Tametsi
342 644 418 705 enim
431 665 489 705 non
502 666 606 727 perum
623 668 735 721 vereor,
748 667 797 723 ne,
815 650 847 710 in
865 650 923 711 bac
940 650 1115 720 volemdine,
1134 651 1291 730 preclaros

115 751 119 767 ·
199 735 263 795 ίίίιι
276 756 344 816 spes
357 749 526 818 exspectare
539 759 587 801 me
606 740 746 801 latsnon
767 742 923 823 patiantur,
946 752 1044 803 tomen
1064 741 1181 801 interim
1205 762 1292 803 usura

198 826 255 885 frui
265 828 337 907 quid
346 829 449 890 retati
489 831 629 893 Delectat
642 832 730 893 etiam
743 834 895 913 sugurrinni
907 833 1032 893 hominis
1043 851 1105 894 non
1117 832 1205 895 modo
1219 833 1290 893 emi·

199 917 314 993 οίιαίιαί,
326 922 380 981 sed
397 921 554 983 doctissimi
572 924 667 996 etiem,
686 935 718 985 et
731 926 820 1005 longo
831 925 987 985 malurnm
999 944 1096 985 rerum
1112 942 1168 983 ιιιιι
1180 926 1290 985 exerei-

196 1012 261 1072 teti.
301 1015 399 1081 Quare
408 1014 495 1075 facile
507 1015 610 1095 patior,
621 1026 652 1075 te
661 1017 828 1096 prospicere
841 1016 960 1095 aliquid,
970 1016 1051 1095 quod
1060 1036 1108 1077 me
1121 1026 1286 1096 pretereat.

196 1102 276 1163 illud
284 1124 401 1184 quoque
419 1106 518 1169 nescio
531 1107 602 1185 quid
619 1108 689 1167 boni
707 1108 809 1169 ominis
828 1109 937 1168 babere
956 1107 1081 1179 ridetur,
1093 1108 1173 1186 quod
1191 1107 1291 1167 literne.

195 1202 255 1255 tem
273 1196 350 1257 lete
363 1197 462 1257 Idibus
476 1200 614 1277 Augusti,
629 1199 718 1259 natali
738 1218 816 1270 meo,
836 1200 915 1277 (nem
929 1218 965 1257 eo
977 1197 1041 1277 ipso
1055 1198 1103 1261 die
1116 1203 1165 1258 st.
1186 1198 1284 1258 tetads
1365 1218 1369 1223 ·

195 1302 303 1345 mum
318 1288 472 1367 complevi)
484 1288 564 1349 dates
577 1302 655 1350 runt.
697 1290 786 1356 Quod
800 1298 896 1349 eutem
909 1308 956 1349 me
968 1285 1123 1359 bominem,
1134 1289 1224 1349 literis
1235 1289 1285 1349 vix

191 1377 378 1440 mediocriter
398 1380 551 1453 imbutum,
567 1372 643 1441 inter¹
655 1379 838 1441 doctissimos
858 1400 1002 1451 numerus,
1017 1400 1053 1440 eo
1073 1380 1139 1460 plus
1152 1372 1284 1440 humani·

194 1471 248 1529 tati
261 1480 319 1531 tre
332 1472 438 1543 debeo,
451 1492 510 1551 quo
523 1472 617 1539 minus
637 1474 699 1533 istae
718 1472 866 1553 preclare
880 1472 965 1532 dotes
984 1472 1015 1530 in
1032 1492 1079 1531 me
1091 1472 1283 1551 reperiuntur.

195 1561 231 1619 ln
245 1560 444 1623 Demosthene
458 1576 555 1625 autem
569 1564 694 1643 legende
707 1564 795 1625 nolim
808 1562 946 1643 equidem
960 1576 991 1624 te
1003 1566 1096 1624 bones
1108 1565 1194 1623 boras
1206 1564 1283 1623 male

192 1653 325 1741 perdere.
365 1656 438 1721 Quis
460 1654 537 1715 enirn
559 1666 603 1715 est
622 1656 723 1734 graecis
745 1655 835 1715 literis
854 1655 994 1727 eruditus,
1016 1674 1096 1733 quus.
1107 1666 1140 1713 tu
1152 1665 1221 1714 ante
1233 1674 1283 1715 me

192 1753 292 1805 natum
303 1746 404 1824 opinor
417 1740 607 1827 perdidicisti,
622 1747 669 1807 cui
682 1767 742 1808 non
756 1766 856 1807 ornnes
869 1746 1211 1807 omnium-conversiones
1223 1766 1283 1805 sor·

191 1835 304 1915 deant?
344 1838 412 1917 Ego
430 1856 511 1910 sane,
528 1839 642 1918 qui‘me
655 1848 725 1919 puto
749 1858 808 1898 non
829 1838 957 1899 omnium
970 1858 1036 1899 esse
1048 1839 1096 1898 vel
1110 1838 1281 1897 delicatissi·
1364 1856 1369 1862 ⁴

190 1943 279 1999 mum,
293 1930 340 1990 vel
355 1930 589 2000 morosissimam,
610 1931 735 2009 ingenue
756 1930 861 2003 fateor,
882 1930 1028 1991 neminem
1050 1930 1158 2001 adbuc,
1179 1950 1280 1989 eorum

189 2020 275 2086 etiem
295 2022 493 2102 interpretum,
507 2022 599 2102 quise
611 2042 764 2102 germanos
779 2022 937 2083 Cicerones
950 2042 1015 2082 esse
1028 2032 1141 2103 putent,
1155 2021 1187 2080 id
1200 2041 1219 2081 a
1231 2040 1279 2082 me

187 2110 342 2191 impetrare
365 2115 501 2193 potuisse,
523 2126 565 2187 nt,
585 2116 699 2179 tmnetsi
720 2114 849 2175 omnium
870 2115 1044 2174 Grecorum
1067 2114 1175 2191 scripta
1197 2112 1279 2171 nobie

189 2204 302 2277 eodem
315 2217 366 2265 eut
379 2207 467 2266 etiam
480 2206 600 2266 meliore
615 2226 723 2283 genere
745 2205 882 2265 orationis
895 2205 1094 2282 loquerentur,
1105 2222 1212 2281 ρκιοοιο
1223 2204 1278 2261 lin-

186 2314 253 2373 guae
275 2297 468 2377 cognitionem
489 2296 696 2375 supervacanei
713 2295 820 2353 laboris
841 2314 904 2353 esee
922 2294 1097 2372 judicarem.
1137 2294 1186 2353 De
1206 2293 1279 2353 meis

187 2398 285 2447 eutem
299 2388 585 2467 interpretationibus
598 2387 666 2464 quid
681 2404 738 2464 ego
752 2386 884 2457 sentiam,
902 2386 932 2444 in
949 2385 1169 2465 praefationibus
1188 2396 1277 2445 testa·

187 2486 235 2537 tus
249 2498 323 2539 eum.
364 2481 469 2558 Itaque
482 2480 506 2536 si
520 2478 687 2557 praeclaram
701 2478 784 2537 istem
798 2478 836 2537 de
850 2496 897 2537 me
910 2478 1074 2557 opinionem
1088 2478 1275 2538 retinere-cu-

153 2552 158 2572 ’
188 2570 244 2649 pis,
259 2591 318 2632 una
330 2573 387 2633 bac
407 2572 519 2632 radone
532 2571 562 2630 id
573 2570 741 2650 assequeris,
753 2571 778 2630 si
791 2591 851 2631 non
864 2571 980 2650 legeris.
1009 2570 1128 2632 Minuet
1140 2572 1228 2650 enim,
1241 2583 1275 2633 ut

53 2709 60 2726 ,
186 2661 237 2722 ille
250 2663 301 2736 ait,
320 2663 476 2743 praesentia
495 2662 612 2723 famam.
623 2666 718 2721 πολλὰ
737 2667 793 2742 γὰρ
814 2665 860 2720 καί
877 2673 933 2722 τῦν
942 2665 1085 2741 ἐμμέτρων
1103 2665 1273 2742 ποιημάτων,
1395 2729 1407 2746 0

185 2756 231 2812 καί
244 2764 298 2814 τῶν
311 2753 507 2829 καταλογάδην
526 2758 766 2832 συγγραμμάτων,
785 2753 827 2812 ἔτι
845 2754 900 2833 μὲν
919 2755 950 2813 έν
963 2762 1026 2820 ταῖς
1047 2754 1184 2820 διανοίαις
1204 2755 1274 2815 ὄντα

95 2920 100 2931 1
184 2856 242 2905 τῶν
255 2849 445 2916 σνντιθέντιιν,
455 2850 588 2924 μεγάλας
602 2849 652 2915 τὰς
664 2843 833 2922 προσδοκίας
853 2848 1003 2924 παρέσχεν
1017 2846 1223 2905 ἐπιτελεσθέντα
1235 2845 1275 2917 δέ,

183 2940 228 2996 καί
241 2945 300 3003 τοῖς
313 2939 413 3003 ἄλλοις
431 2920 638 3020 ὑποδειχδίντιέ
655 2934 727 2995 κολδ
746 2934 961 3012 καταδεεστέραν
973 2940 1023 3006 τὴν
1037 2932 1119 3005 δόξαν
1131 2949 1181 3006 τῆς
1194 2936 1273 2994 έλπί.

184 3028 230 3096 εις
246 3027 361 3104 ἔλαβεν.
404 3028 465 3088 Sed
483 3029 521 3088 de
541 3027 598 3088 hoc
618 3048 672 3108 pro
692 3026 821 3088 candore
837 3037 889 3086 tuo
903 3038 934 3086 et
946 3027 1126 3085 humanitate
1145 3038 1273 3087 seme:
1313 3034 1316 3041 ’

164 3141 278 3200 ,neque
291 3141 342 3182 eos
354 3121 520 3193 imitaberis,
534 3120 583 3198 qui
595 3119 746 3180 cavillandi
759 3119 817 3179 mei
827 3117 1026 3197 frigidissimus
1045 3129 1162 3197 captent
1183 3139 1271 3179 ocea-

183 3213 288 3284 siones,
309 3213 431 3298 ipseque
451 3211 655 3271 malevolentia
673 3215 802 3286 jejunes:
822 3210 882 3289 qui,
896 3210 976 3288 quod
990 3209 1133 3269 sefacere
1147 3210 1270 3271 fortasse

182 3315 296 3385 putant,
310 3323 365 3364 uec
379 3303 579 3364 existimationi
593 3323 653 3362 sune
667 3302 861 3375 commodant,
874 3321 929 3362 nec
942 3321 1015 3360 meae
1032 3313 1148 3362 nocent.
1190 3303 1270 3370 Quid

183 3395 283 3454 enim?
304 3414 398 3454 nonne
418 3395 485 3455 loce
507 3396 649 3474 p'ermnlts
669 3404 737 3453 sunt
758 3393 975 3464 Demosthenis,
998 3393 1100 3472 purtim
1124 3407 1267 3475 corrupta,

182 3487 286 3564 partim
304 3505 356 3566 per
376 3507 409 3546 se
430 3486 471 3545 ita
491 3488 625 3557 obscura,
645 3496 677 3544 nt
699 3495 803 3544 ratem‘
816 3495 950 3564 oporteat
970 3504 1035 3544 esse
1055 3485 1266 3571 interpretem?

181 3578 270 3644 Quod
290 3576 544 3655 siillisib1‚quam
564 3577 642 3650 mihi,
662 3576 743 3636 credi
764 3575 885 3645 malunt,
908 3596 966 3634 non
985 3575 1099 3636 invideo
1120 3578 1265 3656 equidem,

180 3667 233 3726 sed
247 3678 345 3726 tamen
358 3668 540 3752 grammatici
554 3678 675 3741 certant,
689 3680 720 3728 et
733 3667 831 3728 adhuc
845 3670 899 3728 eub
909 3668 1007 3744 judice
1020 3669 1056 3729 lis
1066 3683 1120 3730 eet.
1161 3656 1268 3751 Neque

179 3779 248 3820 vero
262 3759 378 3820 difficile
399 3771 443 3820 est
458 3770 513 3820 τῶν
527 3759 726 3822 διδασκαλικῶν
746 3758 925 3834 έτιβιβὴκότι
949 3759 1066 3838 θρόνων,
1081 3767 1125 3822 καὶ
1138 3765 1265 3836 ἐξουσίαν
1289 3799 1293 3805 ‚

179 3855 224 3912 rol
237 3851 317 3923 δόξαν
331 3854 437 3934 ἔχοντι,
450 3851 479 3910 ix
492 3864 540 3912 τοῦ
560 3860 726 3932 μονομεροῦς
747 3855 949 3919 ἀναντιλέκτως
968 3855 1059 3934 ὥσπερ
1071 3855 1175 3934 έρίςρην
1187 3858 1264 3924 τινὸς

178 3947 384 4028 ιιιιτιιδιιιίοιιι.Ι
412 3945 462 4020 Et,
487 3955 520 4006 ut
546 3945 575 4004 in
602 3945 683 4006 tento
712 3965 801 4025 opere
826 3944 895 4004 milri
915 3966 1032 4006 somnus
1057 3948 1163 4010 alicubi
1184 3952 1266 4010 obre·

178 4038 277 4118 poerit,
300 4037 370 4117 quid
393 4049 454 4096 tum
475 4038 603 4118 posteo?
644 4037 812 4117 Aliquando
835 4039 928 4098 bonus
949 4038 1085 4107 dormitat
1105 4041 1264 4101 Homerus.

178 4127 376 4188 Humanitatis
396 4141 477 4190 certe
494 4129 613 4208 quidem
630 4129 727 4202 fuerit,
749 4149 859 4210 paucos
879 4131 938 4190 sive
959 4133 1068 4210 lapsus,
1083 4133 1143 4197 sive
1157 4134 1264 4205 ἀγνοί-

175 4245 264 4298 ματα,
285 4219 313 4280 ei
327 4219 502 4298 condonare,
516 4219 564 4300 qui
577 4221 608 4280 id
620 4221 748 4309 tentarit,
769 4221 845 4281 absit
857 4221 965 4282 invidie
977 4223 1065 4296 dicto,
1079 4222 1158 4305 quod
1176 4239 1264 4281 nemo

176 4311 316 4372 hactenus
335 4323 473 4392 praestare
493 4323 545 4372 aut
565 4312 665 4392 voluit,
688 4323 739 4393 aut
751 4313 856 4394 potuit,
877 4314 925 4392 qui
944 4313 1088 4394 permulta
1108 4313 1265 4392 depravata

178 4403 348 4483 correxerit,
362 4402 497 4482 ambigue
510 4403 679 4478 distinxerit,
699 4407 825 4466 obscura
840 4405 997 4468 illustrarit.
1038 4403 1263 4492 Typographica

175 4513 245 4554 sero
259 4507 364 4567 errata,
375 4515 441 4573 quse
456 4495 596 4558 neminem
608 4495 670 4556 sere
683 4507 827 4558 attentum
836 4496 951 4569 fallunt,
964 4494 1097 4575 scriptori
1110 4495 1262 4578 imputare,
