3150 5125
408 371 467 436 so
488 370 610 436 sonu
630 367 854 438 nouosru.
876 364 1068 434 ranrrr.
1240 353 1292 434 xo

203 534 219 544 ··
234 525 331 608 Μ]
352 525 699 600 Vminlacumnnm
710 519 1289 594 mohsmaiuooulmderumtooman

190 617 264 700 gina
277 619 462 701 Exemplaris
473 620 656 700 tummim
667 617 780 701 prioris,
793 617 824 680 iu
833 616 939 682 eadem
950 613 1134 678 bibliothecu-

233 798 331 875 cae]
350 799 621 872 ammonens,
639 810 674 863 ιιι
693 797 775 864 eurr
793 814 847 879 pn
864 805 919 868 ar,
941 765 1283 869 praeordinantis

178 910 228 980 'oo
240 890 310 953 ride
323 890 529 956 Prmiatiousru
541 891 650 972 Lydo.
662 910 733 970 pag.
749 887 810 967 lt.)
828 907 867 955 ex
887 886 1000 961 Aldiuo
1016 882 1178 966 examplari
1189 882 1220 943 iu
1237 883 1283 956 bi,-

189 983 340 1046 bliotlreoa
353 982 461 1065 Regin,
473 1004 540 1064 quo
552 995 599 1049 art
611 981 818 1062 Cantabrigiu.

232 1177 292 1238 His
304 1178 560 1240 subuectarnlioat
574 1177 672 1240 Codd.
690 1180 741 1260 qui
759 1179 833 1240 andri
853 1195 961 1257 magno
981 1177 1047 1238 uasti
1067 1189 1099 1238 et
1117 1175 1285 1254 &mensu

187 1268 322 1342 fuerunt,
345 1271 416 1331 licat
436 1269 477 1331 ad
498 1270 577 1330 hunc
599 1281 713 1332 tornum
739 1291 802 1331 oon
822 1269 996 1351 pertineant.
1040 1269 1117 1331 Vorr.
1138 1271 1284 1331 Bcroc02

192 1362 687 1424 Bcroc.t.Lcad.Meod.Iocloer.
711 1363 824 1424 Βοιὼ.
845 1363 918 1440 urg.
934 1366 963 1422 1.
987 1361 1059 1440 mg.
1075 1365 1106 1422 2.
1124 1371 1184 1422 oto.
1198 1361 1284 1422 Rern.

191 1451 287 1529 Mon]
307 1453 376 1516 Sira
388 1453 490 1527 sintii,
505 1455 555 1534 qui
568 1454 743 1516 concionum
761 1453 925 1526 nonnullas,
936 1472 1010 1534 quas
1023 1453 1243 1516 Demosthenes
1254 1454 1285 1514 in

191 1541 305 1604 danaos
324 1545 435 1619 babu‘a,
456 1545 711 1626 compleotuutorr
731 1546 907 1626 Pbrlippioas
926 1545 1068 1629 intelligo,
1082 1546 1130 1606 rel
1142 1547 1284 1626 quasdam

190 1634 233 1694 de
252 1636 311 1697 isto
329 1654 433 1715 grege.
471 1637 566 1698 Exi'u
578 1649 681 1700 uactm
701 1657 765 1699 sum
780 1637 963 1711 Vestianum,
982 1637 1178 1698 Eurorum·
1198 1639 1285 1717 duca,

192 1726 379 1790 Laudinnm
391 1739 451 1790 ete.
492 1730 560 1790 Sive
572 1730 631 1792 siut
641 1732 671 1804 ii,
683 1731 735 1810 qui
748 1731 917 1792 fachinam
934 1731 1030 1790 solum
1043 1729 1220 1810 descriptum
1232 1729 1285 1790 bs·

55 1839 64 1848 ’
188 1820 274 1880 bent-
312 1821 350 1878 In
362 1841 422 1900 qna
432 1820 541 1882 familia
559 1822 668 1902 primus
686 1823 842 1885 memorari
856 1823 945 1882 debet
957 1823 1057 1882 codex
1070 1822 1131 1882 Viri
1144 1831 1302 1903 prassinus*v

191 1909 293 1970 tissimi
312 1922 343 1971 et
356 1931 375 1972 a
387 1931 435 1972 me
453 1915 577 1974 multum
598 1915 715 1976 colendi
733 1915 774 1976 R.
786 1916 877 1974 Mcod
891 1913 1049 1974 Archiaui.
1098 1915 1137 1974 ln
1155 1935 1193 1974 en
1214 1923 1285 1976 axau

192 2012 294 2062 rantur
305 2013 365 2064 tres
378 2009 441 2080 ejus
453 2006 610 2078 orationes,
629 2026 695 2066 oum
714 2006 842 2086 epistolis
862 2004 1014 2077 duodenis,
1036 2005 1168 2065 nimirum
1187 2025 1284 2080 omne,

60 2136 65 2142 -
190 2078 271 2174 quod
284 2094 348 2155 de
340 2106 396 2155 uto
414 2096 532 2157 homine
553 2097 592 2156 ad
611 2117 666 2157 nos
687 2095 829 2175 pervenit.
871 2097 977 2154 Codex
1002 2095 1208 2156 doctissimi
1181 2097 1235 2155 rui
1256 2097 1286 2157 I.

190 2184 307 2258 locist,
320 2185 527 2259 Londinensis‚
541 2187 701 2246 orationem
715 2196 818 2246 eontra
831 2185 1019 2243 Timarchum
1041 2195 1073 2243 et
1092 2185 1288 2265 Olynthiucas

192 2277 266 2336 duas
274 2277 375 2350 habet,
387 2287 418 2337 et
430 2290 475 2337 est
488 2278 575 2337 bonae
586 2277 680 2354 frugis
688 2275 804 2354 plenus.
844 2275 1004 2334 Plurimum
1018 2275 1105 2335 etiarn
1118 2295 1166 2335 ma
1176 2277 1286 2338 debere

192 2367 332 2447 profiteor
344 2368 447 2448 gratim
467 2380 499 2427 et
516 2367 688 2426 humanitati
709 2365 817 2425 domini
837 2365 971 2425 Richardi
991 2367 1091 2440 Ellirii,
1105 2380 1154 2427 rot
1166 2377 1286 2450 paropi-

104 2457 114 2474 ⁰
142 2473 150 2486 ·
194 2484 255 2532 roo,
268 2459 306 2519 de
317 2459 409 2519 literis
421 2459 500 2538 ipsis,
519 2458 625 2538 iisqne,
644 2457 695 2538 qui
713 2456 805 2518 litans
825 2459 908 2518 bonis
929 2477 1049 2538 operam
1070 2471 1189 2533 navant,
1210 2463 1288 2524 bene

195 2551 302 2612 meriti.
343 2551 443 2629 Hujus
457 2549 533 2611 enim
545 2549 640 2629 gratia
652 2550 771 2611 excussi
783 2549 853 2610 mihi
866 2563 934 2612 sunt
949 2552 1044 2613 Codd.
1059 2551 1246 2628 Parisieuses,
1258 2557 1291 2615 in

193 2644 300 2725 quibua
309 2642 461 2703 AEsclriues
474 2643 522 2701 ille
533 2642 716 2716 describitur,
726 2644 815 2702 veluti
824 2643 1015 2703 coislinianus
1029 2664 1109 2705 num.
1119 2647 1289 2710 CCXLIX.

194 2738 443 2819 membranaceus,
458 2734 565 2794 decimi
577 2735 666 2813 plane
679 2734 793 2795 seculi:
814 2754 852 2795 ex
873 2734 969 2813 Regia
989 2732 1166 2797 bibliotheca
1186 2738 1291 2799 itidem
1374 2722 1387 2735 ³

194 2830 302 2909 plures,
325 2847 368 2887 sc.
386 2846 518 2899 numero,
539 2829 631 2891 2778.
649 2829 740 2891 2775.
762 2829 853 2892 8273.
874 2829 963 2891 8279.
1012 2826 1131 2887 Deinde
1153 2837 1290 2909 excerpta

193 2922 327 3001 quaedam
336 2939 374 2978 ex
384 2918 482 2979 urstis
495 2919 611 2999 ignotis,
621 2936 688 2999 quoe
701 2918 730 2978 in
741 2918 882 2981 AEschirm
896 2918 1117 2999 suppeditarunt
1130 2938 1189 2980 orae
1203 2921 1290 2983 libro·

193 3032 257 3073 rum
275 3011 322 3085 rel
343 3011 414 3072 Edu.
433 3010 571 3073 Beruordi
591 3011 621 3070 in
639 3010 717 3073 Bibl.
732 3010 818 3071 Bodl.
837 3009 935 3073 Oxou.
949 3010 996 3071 rel
1013 3010 1043 3071 I.
1057 3010 1136 3073 Mori
1149 3012 1289 3095 Episcopi

80 3092 87 3111 ‘
194 3102 321 3165 Eliensis
332 3102 363 3163 in
377 3103 475 3183 Regia
488 3102 730 3183 cantabrigiensi.

237 3294 339 3370 Hori]
357 3294 463 3355 Codex
477 3294 655 3365 Harlsiauus
671 3294 843 3355 adservatur
864 3292 894 3351 in
913 3290 1093 3355 bibliotheca
1108 3292 1218 3353 illustr.
1233 3291 1290 3357 riri

89 3404 94 3410 ·
197 3387 271 3447 Ede.
287 3404 382 3464 nuper
397 3385 511 3447 Comitia
533 3386 701 3459 Osoniaatir,
719 3385 779 3465 qui,
800 3404 867 3445 cum
883 3383 1004 3455 vireret,
1024 3402 1073 3445 rue
1092 3382 1218 3447 amicitis
1236 3404 1291 3457 aua

197 3477 352 3557 multisque
364 3476 452 3537 anuoi
465 3478 600 3539 benevoli
608 3478 789 3557 mmeritis
800 3486 917 3537 auctum
930 3475 1101 3537 essevoluit.
1128 3474 1290 3555 Eleganter

194 3570 314 3650 quidem
326 3569 460 3649 scriptus,
470 3571 604 3649 antiquus
617 3583 649 3631 et
657 3572 745 3642 bonae
754 3567 871 3631 indolis.
904 3568 992 3629 Ultra
1004 3568 1147 3632 orationes
1159 3570 1290 3655 publicas

194 3669 277 3741 (suut
288 3674 388 3723 autem
400 3662 457 3721 illo
467 3674 574 3742 prester
583 3662 757 3743 Philippicas
771 3672 830 3722 etc.
840 3661 986 3723 orationes
996 3661 1123 3723 lEschiui
1136 3662 1291 3741 opposito)

195 3776 256 3816 non
276 3755 478 3862 progreditur:
501 3755 541 3813 Et
554 3774 591 3814 eo
603 3774 674 3814 sane
694 3753 818 3813 termino
838 3753 975 3831 plurimos
990 3752 1084 3813 Codd.
1097 3753 1202 3813 MStos
1217 3774 1290 3823 oon·

197 3848 276 3910 cludi
297 3847 386 3908 sensi.
436 3846 528 3907 Liber
545 3846 595 3906 ille
608 3846 756 3925 quondam
776 3845 816 3904 ad
836 3844 1001 3907 Ecclesiam
1020 3844 1266 3925 Ripponensem'
1259 3866 1289 3905 ru

107 4008 115 4023 ,
196 3962 268 4022 agro
282 3941 460 4004 Eboraoausi
473 3942 636 4021 spectabat.
732 3958 736 3965 ·

183 4188 191 4195 ,
240 4120 347 4181 Codex
370 4120 466 4179 loculi
484 4120 592 4179 Hatris
615 4116 844 4189 sarisberiensis,
864 4114 1018 4197 Armige'ri,
1033 4117 1095 4179 Viri
1116 4136 1175 4177 non
1196 4116 1289 4189 solum
1335 4090 1343 4121 ‘

195 4214 344 4276 literarum
358 4211 512 4291 elegantia,
524 4232 624 4272 rerum
637 4211 716 4273 omni
728 4230 839 4293 genere
853 4209 947 4271 laudis
959 4207 1197 4289 prestantissimi.
1218 4208 1290 4269 Per·
1412 4202 1422 4209 ’

190 4306 308 4367 sinebat
329 4305 397 4366 olim
418 4304 457 4364 ad
470 4306 568 4367 Euan
589 4304 747 4366 Martinus
760 4305 915 4365 Decanum
931 4302 1121 4372 mouentem,
1141 4302 1224 4379 cujus
1237 4301 1290 4379 dq-

192 4398 355 4476 scriptione
378 4407 454 4469 utor,
478 4410 573 4457 sumta
596 4417 633 4458 eu
657 4401 720 4478 ejus
742 4397 873 4477 epistolis
890 4396 943 4453 Vl.
959 4400 1007 4455 12.
1048 4393 1179 4455 “.Codd.
1202 4416 1290 4476 porro

199 4508 285 4549 mauu
305 4502 442 4551 exaratos
455 4501 557 4551 nactus
577 4509 641 4551 sum
660 4490 898 4571 aliquot-Alter
916 4485 1111 4567 antiquiorum
1127 4483 1290 4555 Rbetorum
