3150 5125
342 517 349 522 ¹
525 427 589 488 sn
608 423 959 489 nnuosnrrnuuu.
1229 425 1290 489 ens

187 573 292 638 umus
312 533 473 657 usurpo,
492 579 544 660 qus
565 600 625 641 non
637 567 746 660 ‘parum
765 579 880 642 auum
897 579 939 640 rur
958 585 1022 652 um·
1039 577 1199 658 dignitatis,
1220 583 1288 642 tum

185 670 275 729 etiam
293 671 516 743 commoditatis,
536 672 617 732 houd
634 673 834 734 mediocribus
853 671 1004 752 impendiis
1023 671 1146 750 purique
1162 671 1286 751 vigilen-

185 762 235 831 ιιι,
249 772 282 820 ut
287 767 349 837 jem
361 764 467 822 merito
483 764 594 844 possint
604 785 718 825 omnes
735 763 941 826 sdmirahuudi
961 763 1062 824 dicere
1075 762 1156 830 odric
1176 765 1284 824 ἐστινὸ

185 854 291 922 inisse
305 854 490 934 δημοσθίιης.
531 859 608 918 liscc
622 855 770 918 Erasmus.
798 857 861 917 Sed
878 856 994 925 viderit,
1014 857 1064 935 qui
1082 855 1285 936 predicationi
1397 849 1401 854 ¹

187 965 249 1006 sues
267 947 357 1006 fidem
376 947 475 1010 fsciet.
518 949 612 1008 Hsud
624 949 769 1010 infitiabor
787 947 1013 1028 splendidiorem
1034 947 1126 1008 oculis
1146 947 1285 1008 cocidere

187 1039 425 1118 llerwagiunam,
440 1061 528 1120 quem
542 1042 692 1116 Aldinsm,
709 1061 831 1122 querum
849 1041 900 1101 ills
920 1041 1075 1117 majoribus
1096 1040 1199 1112 literis,
1217 1041 1285 1102 huuc

184 1132 386 1193 minutioribus
399 1145 445 1194 est
457 1153 575 1196 excuss.
590 1134 804 1196 commoditatis
824 1135 895 1194 item
907 1133 965 1193 hoc
978 1132 1061 1194 affert
1072 1133 1152 1193 hsud
1169 1151 1282 1212 purum,

185 1225 267 1304 quod
280 1244 320 1284 ex
333 1225 457 1286 adverso
469 1227 523 1286 dat
536 1227 643 1288 oratori
663 1237 935 1289 commentatorem.
976 1224 1033 1284 Est
1046 1225 1172 1305 deniqm
1184 1225 1286 1305 saepis·

184 1317 257 1376 sime
270 1318 468 1397 Herwugisue
487 1319 677 1391 emendatior,
699 1337 790 1398 qusm
811 1317 900 1378 editio
920 1316 1101 1395 primigenis.
1149 1317 1285 1380 Arbitrer

183 1418 284 1472 tumen
298 1410 484 1471 nihilominus
500 1411 583 1470 Aldo
595 1411 698 1472 deberi
721 1411 799 1491 plus,
813 1429 900 1488 quem
914 1409 1083 1488 Hermio,
1098 1415 1182 1486 cujus
1195 1419 1286 1488 opere

183 1499 289 1561 fuisset
309 1514 470 1575 cessatura,
490 1503 688 1564 cimeterium
708 1503 759 1564 ilie
779 1502 890 1562 uirilem
912 1500 1085 1562 suffecisset.
1126 1501 1285 1581 Plerosque

183 1593 308 1654 mendas
322 1594 442 1654 Aldine
455 1596 580 1655 merit
594 1596 800 1674 Hsrwsginna,
814 1594 897 1656 novis
909 1594 988 1654 sdeo
1000 1592 1174 1672 quibusdum
1194 1595 1286 1668 suxit,

181 1679 224 1742 hs
237 1702 274 1743 es
286 1685 316 1742 in
329 1685 503 1764 posteriores
515 1687 670 1758 derivatim
688 1707 748 1748 non
769 1687 863 1746 nullas
885 1696 985 1746 umen
1006 1685 1130 1758 sustulit,
1152 1705 1213 1746 non
1226 1705 1286 1765 ope
1350 1686 1356 1698 ’

185 1777 255 1834 msti
268 1775 388 1847 codicis,
399 1777 449 1856 qui
462 1779 559 1839 nullus
571 1778 649 1857 opud
663 1779 852 1858 Herwsgium
865 1777 956 1838 fuisse
969 1777 1096 1849 videtur,
1109 1777 1206 1866 nullus
1219 1797 1284 1838 cer·
1356 1800 1359 1806 ¹

184 1875 217 1924 te
231 1886 353 1945 usquam
371 1881 624 1942 commemoretur,
645 1873 699 1932 sed
717 1872 782 1930 solo
799 1869 927 1948 iugenio,
948 1870 1029 1930 hsud
1049 1879 1166 1930 comtst
1186 1871 1283 1947 cujus.

183 1957 393 2018 Verumtamen
410 1961 577 2038 suspicione
597 1962 627 2020 in
643 1963 792 2023 Simonem
812 1962 975 2041 Gryneeum
995 1963 1086 2022 feror.
1126 1961 1192 2022 Nisi
1211 1962 1284 2022 huic

182 2050 343 2128 suspicioni
363 2052 422 2111 hoc
440 2053 546 2124 obstet,
568 2053 649 2132 quod
670 2055 819 2132 Gryneus
839 2066 902 2112 tum
918 2054 1069 2133 temporis,
1090 2073 1157 2114 cum
1171 2053 1284 2114 Demo·

181 2142 301 2201 adteues
314 2143 345 2201 in
359 2143 473 2202 edicius
485 2143 683 2223 Herwsgisns
695 2143 902 2214 excuderetur,
913 2143 944 2202 in
958 2145 1071 2222 Anglis
1079 2146 1284 2224 pepegrinstus

177 2235 230 2295 sit.
271 2237 373 2301 Quare
385 2234 476 2294 satius
490 2237 546 2294 erit
558 2236 598 2295 de
612 2236 723 2296 Iacobo
741 2235 882 2294 Reuhero
901 2234 1051 2313 suspicari,
1064 2235 1103 2294 de
1114 2255 1174 2314 quo
1190 2235 1281 2316 paule

181 2338 249 2404 post
268 2327 401 2404 pluribus
421 2327 547 2398 dicetur,
563 2339 616 2386 sut
628 2326 667 2385 de
687 2327 799 2384 losnne
813 2324 954 2404 Oporino.
995 2324 1066 2386 Non
1078 2326 1193 2386 vitietur
1206 2327 1283 2388 Erae

181 2437 261 2476 smus
272 2417 400 2492 inhujus
412 2418 509 2478 leudis
517 2417 747 2477 communionem
759 2415 969 2478 admittendus.
1007 2417 1098 2478 Haud
1112 2417 1282 2498 abundabat

182 2509 323 2571 Erasmus
340 2510 409 2585 otio,
421 2529 521 2590 neque
532 2510 649 2576 videtur
660 2510 688 2571 ei
702 2509 849 2589 ingenium
860 2509 952 2571 fuisse
966 2511 1159 2575 Demostheni
1179 2531 1280 2575 emen·

184 2602 284 2663 dsndo
302 2624 367 2683 per.
409 2604 481 2662 Aliis
499 2604 531 2663 in
550 2605 653 2676 literis,
673 2603 846 2683 theologicis
869 2604 1014 2685 imprimis,
1037 2610 1192 2686 regnabat
1231 2610 1280 2669 Ab

181 2698 242 2757 hoc
256 2716 368 2777 genere
380 2698 502 2776 proferro
520 2708 586 2759 emt
604 2697 737 2759 alienior.
776 2698 815 2757 In
833 2698 891 2759 hec
911 2699 1050 2772 eliciens,
1070 2720 1189 2779 prorsus
1201 2702 1282 2763 utin

184 2789 305 2861 Aldine,
319 2792 357 2849 eh
370 2791 501 2849 oratioue
513 2790 608 2870 prima
626 2790 657 2849 in
671 2790 902 2868 Aristogitonem
917 2810 1009 2851 novus
1029 2791 1141 2853 orditur
1161 2793 1282 2872 pugiun-

181 2902 247 2941 rum
259 2882 348 2953 ordo;
370 2902 430 2961 quo
443 2882 523 2943 litut
541 2883 608 2941 hssc
620 2902 747 2961 quoque,
761 2883 870 2962 puriter
890 2892 978 2963 etque
999 2883 1059 2955 ille,
1079 2884 1109 2943 in
1123 2885 1182 2945 duo
1196 2885 1302 2964 qussi·

180 2976 339 3049 volumine,
358 2976 552 3055 dispescaurr,
579 2976 635 3035 sed
656 2994 694 3035 eo
715 2974 803 3035 molis
824 2976 962 3055 imparie3
992 2996 1117 3055 quorum
1141 2978 1218 3060 prius
1237 2978 1280 3037 ed

180 3088 210 3148 p.
223 3073 293 3129 589.
306 3069 450 3147 procedit,
464 3069 587 3129 alterum
600 3069 639 3129 ed
651 3090 682 3148 p.
692 3072 764 3141 207.
785 3068 847 3129 Sed
860 3068 891 3129 in
905 3068 1102 3148 Herwsginns
1114 3089 1168 3131 cur
1185 3068 1216 3130 id
1234 3070 1279 3131 its

182 3162 221 3220 sit
233 3161 403 3233 institutum,
417 3162 493 3222 retio
504 3162 589 3222 reddi
597 3162 732 3244 quedam
745 3171 855 3241 potest,
868 3180 921 3221 cur
932 3162 963 3220 in
974 3162 1094 3236 Aldina,
1108 3162 1198 3223 nulls.
1238 3163 1278 3223 In

183 3254 378 3326 Timocrates,
392 3274 478 3333 quem
498 3255 639 3334 proxime
652 3265 871 3334 consequuntur
888 3254 946 3313 illes
960 3255 1037 3326 duce,
1052 3274 1117 3333 quun
1132 3256 1278 3335 Aristogi-

183 3356 285 3405 tonem
304 3345 493 3419 insectmtur,
509 3346 707 3406 commentarii
720 3346 839 3416 finium
856 3345 905 3425 qui
919 3346 1118 3406 commentarii
1133 3356 1166 3406 ut
1178 3366 1198 3407 a
1210 3366 1278 3407 cor·

183 3457 257 3516 pore
275 3438 438 3497 oretienum
457 3439 521 3516 ipso
536 3439 781 3510 discernerentur,
794 3456 915 3499 necesse
929 3450 1002 3505 erut,
1018 3448 1052 3497 ut
1071 3438 1147 3517 typis
1162 3439 1279 3516 majori·

180 3531 239 3589 bus
250 3529 343 3589 cretio
355 3529 574 3589 demosthenice
592 3531 800 3601 excuderetur,
814 3528 973 3589 minoribus
986 3530 1078 3607 cretio
1092 3531 1279 3593 susurratoris.

183 3624 332 3700 Hoc·jsm
345 3621 564 3681 conticescente
577 3623 719 3681 suadebat
731 3622 915 3681 commodum
928 3632 1079 3692 erutorum,
1098 3623 1194 3703 utqui
1213 3622 1278 3704 typi
1348 3648 1352 3655 ·

183 3716 328 3775 huctenus
347 3724 446 3773 essent
466 3714 496 3772 iu
519 3714 717 3773 'ensmstorem
737 3713 864 3783 insumti,
884 3713 974 3772 iidem
994 3732 1073 3773 nunc
1093 3714 1202 3775 emtori
1220 3714 1278 3795 ipsi

184 3817 443 3875 consecrarentur3
462 3824 501 3865 ne
514 3805 651 3865 volumen
662 3806 694 3863 in
707 3804 813 3865 molem
831 3806 997 3865 abnormem
1011 3816 1190 3878 excurreret,
1200 3822 1279 3867 nere

184 3900 295 3959 sumnus
316 3898 542 3977 geminarentur.
564 3964 567 3974 ,
584 3896 752 3957 Consultius
765 3916 883 3977 quoque
894 3898 1077 3976 Herwagius‚
1092 3918 1147 3961 seu
1160 3899 1210 3978 qui
1220 3918 1278 3981 pro

183 4012 221 4053 eo
233 3992 460 4053 Demosthenem
474 3990 620 4050 edendum
634 3990 756 4061 curarit,
770 4000 940 4069 argumente
950 3990 1112 4051 Libsuisns
1122 3991 1279 4071 disposuitg

183 4106 250 4167 quse
262 4097 432 4165 argumento
444 4084 607 4143 orationum
624 4083 656 4141 in
676 4083 771 4143 censis
784 4082 899 4163 privetis
913 4084 1040 4143 omniurn
1054 4103 1121 4143 cum
1136 4084 1233 4143 Aldus
1246 4082 1278 4141 in

182 4200 272 4239 unum
293 4180 392 4239 locum
413 4177 616 4255 congessisset,
639 4188 670 4237 et
688 4178 720 4235 in
733 4176 818 4237 culce
832 4196 893 4235 sue
908 4176 1043 4237 editionis
1054 4175 1136 4253 qussi
1148 4174 1278 4234 abdidis-

181 4284 237 4340 set,
251 4271 355 4330 melius
368 4269 593 4338 comulenshic,
608 4269 738 4348 quisquis
750 4268 817 4341 suit,
831 4280 1002 4347 arguments
1021 4266 1135 4344 singule
1157 4266 1277 4345 singulis

182 4363 361 4422 orationihus
380 4361 516 4441 prefixit·
557 4361 617 4420 Sed
630 4362 660 4420 in
673 4363 810 4441 exemplo
830 4380 897 4421 meo
917 4360 1121 4436 Herwsgianae
1142 4357 1277 4420 desidero

182 4466 387 4533 argumentum
399 4454 537 4515 orationis
550 4454 580 4511 in
591 4454 821 4533 Aristogitonem
831 4453 941 4533 primes,
954 4452 1032 4531 quod
1044 4450 1074 4507 iu
1085 4450 1189 4511 Aldina
1203 4454 1276 4516 tomi

181 4546 266 4628 primi
279 4548 413 4625 paginam
432 4548 563 4607 ultimam
582 4546 694 4625 implet.
735 4546 866 4605 Videant
886 4546 991 4624 quihus
1012 4554 1057 4603 est
1071 4542 1276 4633 Herwagisnte

221 4669 292 4711 uon.
314 4670 338 4709 ι.
743 4670 762 4705 ιι
