3150 5125
294 412 354 473 txti
628 414 878 479 HIERONYMI
899 409 1054 479 WOLFII

295 580 398 649 dmm
408 580 492 630 ΜΝ
505 572 658 649 quaeum
674 584 705 634 et
719 592 756 633 ex
769 572 1018 637 animaduersione
1037 572 1124 636 varies
1143 571 1295 653 scripture
1306 566 1391 651 qnan‘

294 661 418 739 vestigia
432 662 582 741 impressa,
596 684 662 743 quae
676 666 740 727 illos
753 666 783 724 in
797 685 926 727 errorem
939 668 1058 727 duxisse
1070 665 1230 726 rideantur.
1253 665 1339 730 ,Qua
1351 662 1390 723 de

292 770 326 811 re
340 752 411 812 alibi
422 754 470 832 egi
484 754 612 815 uberius.
654 756 743 817 Nunc
763 757 803 817 ad
815 759 1026 839 manuscriptos
1046 757 1164 818 codices
1180 756 1295 817 redeo:
1316 754 1391 814 inter

293 862 366 923 quos
385 845 420 920 is,
435 864 521 924 quem
534 858 631 907 restra
644 848 829 913 Bibliotheca
848 851 1056 932 suppeditavit,
1077 848 1302 926 antiquissimus,
1317 846 1391 905 etin

294 935 439 1014 plerisque
459 938 577 1017 optimas
595 938 674 1011 fidei,
700 942 741 1002 sic
763 943 914 1014 excelluit,
946 954 980 1003 ut
999 940 1192 1023 principatum
1211 940 1266 1001 sibi
1286 938 1390 1001 meritc
1492 993 1497 1005 .

296 1028 443 1089 vendicet.
483 1030 551 1096 Quo
565 1032 658 1093 minus
671 1044 769 1097 autem
789 1055 860 1097 usus
871 1036 992 1112 illojam
1006 1035 1116 1115 pridem
1135 1032 1251 1110 fuerim,
1271 1030 1390 1091 minute

290 1129 327 1183 ⁴et
341 1120 467 1179 exoleta
480 1120 581 1193 literae,
594 1142 677 1202 quas,
687 1144 745 1186 nec
759 1126 886 1206 speculis
898 1127 1046 1198 adhibitii,
1060 1125 1225 1206 perspicere
1239 1122 1331 1204 potui,
1341 1123 1392 1182 ⁰¹b
1469 1134 1478 1149 ‘

295 1210 443 1273 stiterunt.
485 1213 618 1279 Tandem
633 1215 663 1273 in
676 1232 805 1281 ruentem
818 1220 898 1279 venit
911 1220 958 1278 M.
971 1220 1096 1278 Simonis
1110 1216 1245 1287 Fabricii,
1259 1214 1317 1273 mei
1331 1214 1391 1273 col·

275 1378 277 1387 .
294 1299 381 1379 lagae,
395 1302 446 1361 viti
460 1304 629 1374 doctissimi,
644 1308 718 1363 etin
729 1309 841 1370 Gnacis
854 1310 945 1367 literis
964 1308 1202 1379 exercitatissimi,
1213 1325 1311 1385 quern,
1325 1324 1392 1363 cum

297 1394 360 1452 acie
374 1394 524 1453 oculorum
539 1414 597 1453 non
611 1394 713 1467 minus,
725 1416 814 1476 quam
825 1398 935 1475 ingenii
948 1400 1083 1457 acumine
1097 1400 1208 1477 pollere
1221 1398 1334 1469 scirem,
1347 1416 1393 1457 ro·

295 1483 373 1561 gavi,
391 1494 424 1543 ut
437 1482 598 1562 periculum
611 1484 734 1557 feceret,
749 1506 819 1545 num
832 1488 902 1566 quid
915 1508 955 1547 ex
967 1489 1020 1547 illo
1032 1488 1146 1547 fructus
1167 1506 1273 1567 capere
1293 1507 1393 1566 posse-

295 1594 370 1635 mus.
410 1575 446 1634 ln
461 1595 520 1654 quo
534 1575 593 1648 ille,
608 1596 662 1654 pro
682 1588 782 1637 noema
799 1578 1023 1649 necessitudine,
1037 1579 1171 1639 alacriter
1191 1598 1303 1638 morem
1321 1580 1391 1638 mihi

296 1662 398 1745 gessit,
417 1677 613 1745 susceptoque
637 1668 767 1746 negotio,
794 1677 907 1728 tantum
931 1670 1068 1729 volumen
1091 1669 1245 1731 celeritate
1270 1669 1393 1730 mirabili

297 1758 431 1838 perlegit,
451 1768 481 1817 et
499 1757 635 1835 singulari
656 1760 815 1837 sagacitate
834 1779 937 1821 omnes
957 1761 1112 1821 varietates
1125 1760 1325 1840 deprehendit,
1340 1780 1393 1821 no-

297 1850 379 1927 tavit,
395 1849 549 1929 excerpsit,
562 1851 742 1930 marginibus
755 1852 888 1933 impressi
908 1853 1017 1915 codicis
1037 1853 1202 1932 adscripsit,
1216 1852 1324 1913 additis
1340 1852 1395 1913 eti·

297 1962 345 2005 am
359 1943 483 2014 scholiis,
506 1963 572 2023 quaa
594 1931 654 2005 uon
674 1946 799 2025 ingrata,
821 1965 916 2025 neque
937 1946 1050 2006 inutilia
1072 1954 1132 2013 τοῖς
1151 1946 1310 2023 pridianos
1328 1945 1393 2006 tore

298 2052 391 2115 spero.
432 2036 491 2103 Qui
513 2054 571 2097 uua
591 2056 706 2099 mecum
722 2049 781 2099 tam
794 2037 872 2098 illius
884 2038 1044 2109 industrie,
1057 2056 1145 2116 quam
1158 2046 1264 2096 vestre
1283 2036 1395 2097 bened·

238 2192 244 2201 ,
298 2131 405 2193 centies
418 2150 450 2192 se
464 2132 573 2191 debere
587 2132 762 2194 fatebuntur.
803 2133 875 2193 Erat
888 2132 938 2193 hic
951 2130 1059 2210 aliquid
1074 2128 1231 2189 dicendum
1241 2130 1284 2189 de
1303 2129 1396 2188 laodi-

298 2222 354 2283 bus
364 2224 582 2296 Demosthenis,
596 2224 650 2283 nisi
665 2225 689 2285 is
703 2237 734 2285 et
747 2225 811 2304 ipse
823 2226 925 2286 lectori
937 2226 982 2287 sui
994 2222 1126 2284 studioso
1139 2221 1256 2281 abunde
1270 2240 1302 2279 se
1312 2240 1394 2280 com·

298 2299 459 2385 mendaret,
473 2326 505 2376 et
514 2316 543 2375 in
557 2327 672 2395 promtu
686 2328 783 2377 essent
798 2318 949 2377 Ciceronis
967 2327 999 2376 et
1016 2315 1141 2375 aliorum
1155 2312 1194 2373 de
1212 2312 1263 2371 illo
1282 2311 1390 2390 elogia,
1478 2358 1481 2360 a

298 2416 330 2465 et
343 2424 437 2465 meam
450 2406 600 2467 infantiam
611 2407 664 2466 viri
678 2408 905 2486 eloquentissimi
918 2417 949 2469 et
967 2404 1151 2477 celeberrimi
1170 2403 1285 2464 claritas
1304 2422 1393 2482 repu-

202 2534 205 2539 -
298 2496 402 2557 diaret.
441 2498 542 2557 Unum
562 2498 649 2578 igitur
668 2500 726 2559 hoc
746 2510 889 2580 superest,
911 2499 1076 2580 amplissimi
1094 2498 1158 2571 riri,
1171 2496 1278 2557 domiui
1296 2507 1392 2577 etpa-

278 2589 374 2666 .,troui
395 2589 521 2662 colendi,
540 2609 591 2650 vos
605 2601 638 2650 ut
659 2611 752 2670 orem,
774 2604 808 2652 ut
827 2604 1002 2672 postremum
1015 2593 1072 2652 hoc
1091 2613 1165 2672 opus
1177 2612 1292 2664 meum,
1312 2591 1393 2670 quod

296 2681 434 2760 epitaphii
448 2682 513 2746 loco
525 2683 595 2744 mibi
609 2703 673 2744 esse
686 2684 762 2756 volo,
777 2690 856 2760 (nam
870 2686 895 2745 si
907 2704 966 2764 qua
976 2683 1051 2742 forte
1072 2683 1129 2741 alia
1149 2695 1251 2742 secuta
1273 2685 1391 2755 fuerint,

296 2791 332 2834 aa
344 2773 415 2834 nibil
428 2775 536 2836 adhoc
557 2795 621 2858 esse
641 2777 832 2849 videbuntur)
855 2777 916 2853 pari
934 2773 1112 2832 humanitate
1131 2773 1268 2850 accipere
1290 2775 1394 2851 digne·

294 2865 373 2938 mini,
399 2887 457 2947 qua
479 2869 704 2928 commentarios
728 2884 810 2924 meos
837 2863 1093 2922 Ciceronianomm
1116 2861 1289 2932 libellorum,
1314 2883 1393 2924 anno

143 2965 147 2983 '
226 2953 229 2958 ’
296 2959 403 3022 abhinc
424 2959 559 3036 septimo,
582 2969 686 3016 restrae
700 2953 889 3014 bibliothece
907 2951 1062 3028 splendore
1082 2971 1142 3012 nou
1162 2951 1296 3030 indignos
1313 2955 1393 3031 judi.

295 3049 401 3108 castis:
422 3067 528 3125 meque
561 3046 722 3104 ministrum
746 3052 874 3102 vestrum
897 3053 929 3101 et
947 3041 1086 3111 clientem
1107 3043 1392 3110 obcenantissimum

294 3138 527 3218 (ingravescente
539 3144 635 3204 aetate,
650 3145 681 3194 et
692 3133 871 3203 valetudiue,
885 3143 919 3192 ut
933 3132 1019 3206 solet,
1029 3133 1153 3195 subinde
1166 3135 1344 3209 labascente,
1359 3148 1392 3197 et

289 3227 440 3308 ¹ruentein
454 3226 592 3299 deterius)
606 3225 842 3285 commendatum
860 3225 970 3285 babere
989 3227 1135 3305 pergatis:
1157 3228 1195 3288 sb
1215 3247 1309 3308 eoque
1330 3228 1390 3290 mei
1455 3287 1463 3296 .
1513 3223 1519 3232 ’

292 3318 471 3382 defendendi
484 3317 665 3395 ornandique
678 3317 785 3388 studio,
802 3335 861 3376 nec
880 3328 931 3377 aut
950 3317 1111 3378 invidorum
1131 3321 1291 3395 calumniis,
1304 3327 1390 3401 (quas

291 3411 357 3490 quis
378 3429 504 3490 unquam
525 3427 630 3470 carere
653 3409 783 3487 potuitP)
808 3419 860 3468 aut
881 3410 1080 3489 imperitorum
1100 3411 1249 3473 bominum
1271 3413 1388 3491 ineptiis

294 3503 377 3582 (quas
391 3522 409 3563 a
422 3502 563 3582 graviute
576 3512 608 3562 et
623 3501 763 3580 sapientia
775 3511 873 3561 vestm
891 3503 1001 3582 negligi
1015 3514 1046 3562 et
1059 3503 1205 3583 repudiari
1217 3516 1299 3565 certo
1313 3505 1387 3584 acio)

289 3593 505 3656 deterreamini.
546 3594 612 3654 Etsi
626 3594 702 3654 enim
715 3595 794 3674 apud
806 3594 960 3655 nonnullos
979 3595 1135 3674 presentia
1146 3615 1224 3674 mea,
1237 3607 1269 3656 et
1281 3597 1390 3676 simpli-

288 3686 377 3758 citas,
386 3697 474 3767 atque
489 3688 527 3748 ab
538 3677 731 3747 ostentatione
745 3697 776 3747 et
788 3707 896 3767 pompa
908 3687 1066 3748 abhorrens
1080 3687 1328 3768 animus,vitaque
1341 3709 1389 3750 so-

292 3779 396 3850 litaria,
411 3779 543 3838 minuunt
555 3778 678 3839 famam:
700 3790 800 3840 tamen
814 3800 869 3841 nec
882 3791 993 3840 exteras
1005 3780 1140 3839 nationes
1154 3779 1294 3838 Wolfium
1306 3781 1390 3859 igno·
1502 3801 1508 3814 ·

289 3880 367 3940 rant,
381 3880 412 3930 et
426 3869 534 3949 posteri
555 3869 655 3940 scient,
677 3878 707 3929 et
725 3868 847 3929 studiosi
866 3875 1000 3945 juvenes,
1024 3866 1165 3944 doctique
1187 3867 1326 3942 homines,
1339 3887 1390 3948 re-

292 3973 383 4024 stram
394 3963 425 4022 in
437 3981 485 4022 me
499 3962 703 4024 liberalitatem
723 3981 758 4022 ac
776 3961 998 4022 beneficentiam
1012 3959 1222 4018 celebrabunt..
1252 3963 1321 4026 Quo
1334 3961 1387 4020 mi·

289 4075 346 4118 nus
366 4064 464 4116 autem
483 4074 586 4114 munus
605 4055 663 4114 hoc
677 4073 773 4113 meum
786 4055 824 4113 ab
837 4050 1027 4131 amplitudine
1041 4059 1139 4110 vestra
1156 4051 1339 4131 repudiatum
1352 4052 1387 4111 iri

288 4159 433 4226 putarem,
448 4165 514 4206 cum
526 4157 623 4206 vestm
635 4145 800 4220 humanitas
813 4142 892 4212 iacit,
907 4142 948 4200 D.
958 4141 1050 4200 Paulo
1063 4152 1176 4214 autore,
1190 4153 1270 4204 tanta
1282 4141 1384 4216 virtus,

292 4251 325 4298 ut
338 4259 403 4314 cam
415 4240 446 4298 in
460 4240 527 4300 Deo
539 4239 611 4319 Opt.
625 4237 711 4297 Max.
727 4233 904 4312 cumprimis
918 4233 1058 4306 celebret,
1072 4243 1133 4294 turn
1146 4234 1323 4315 collegarum
1337 4254 1388 4318 ve·

288 4341 416 4391 atrorum
429 4330 537 4392 DDD.
550 4328 693 4391 Matrhoet
702 4324 838 4397 Welseri,
854 4325 896 4383 lo.
912 4325 1053 4404 Baptistte
1068 4325 1225 4401 Hainaelii,
1248 4329 1292 4387 lo.
1306 4327 1385 4389 Mat·

215 4436 221 4458 ⁸
288 4421 519 4497 thesistamleri,
539 4419 783 4483 ornatissimorum
803 4417 941 4488 virorum,
962 4438 1057 4496 neque
1080 4419 1207 4480 aMusis
1228 4431 1259 4480 et
1272 4418 1383 4480 Gratiis

290 4512 516 4590 abhorrentium,
531 4513 681 4588 autoritas,
696 4509 866 4592 consiliique
880 4509 937 4572 mei
950 4512 1160 4592 comprobatio.
1202 4513 1316 4586 Valete,
1330 4533 1382 4594 pu·
