3150 5125
286 417 333 478 nv
414 414 514 475 rum
534 412 724 475 usuum
746 410 877 474 ruer.
898 412 960 472 so
981 368 1086 473 neri.
1107 410 1239 476 sunu.

286 566 401 627 sanium
414 564 589 627 desideranti
610 566 660 627 tibi
679 567 825 627 oratiam
844 566 1058 639 nmmum,
1077 566 1157 627 trost
1168 583 1217 627 ms
1228 564 1367 628 infama-

285 668 330 719 tas
346 676 413 717 msa
423 676 494 717 cura
510 658 721 737 publicaturum
742 660 852 739 recepi.
891 660 951 719 Seri
961 670 1009 719 tot
1021 660 1052 719 irl
1064 658 1134 717 nriln‘
1145 659 1269 719 tenunti
1286 659 1373 721 toci·¹

284 750 389 811 danunt
401 750 615 830 impedimenta,
627 762 660 809 ut
667 770 799 830 persepe
807 750 915 812 excudi
925 750 1254 830 cmptasintermiserim
1265 750 1367 811 Carte-

284 840 423 900 romacho
430 839 517 899 etiam
527 852 627 901 nostm
637 841 807 914 demirante,
816 841 945 920 illudque
958 840 1108 901 iuvenalis
1116 851 1368 921 sepsrepetents,

284 932 350 991 Di'u
362 930 412 989 ille
425 930 553 993 adverus
559 934 671 1010 genitus
681 931 798 1011 fatoque
810 932 935 1004 sinitrm
945 950 1011 992 cum
1019 931 1106 991 stiam
1114 930 1269 994 mmmm
1278 950 1366 1010 qnam

283 1040 490 1103 pounsesrum
503 1024 663 1083 orationum
682 1024 817 1103 example
832 1024 1024 1104 imprimenda
1037 1020 1205 1094 curaverim,
1218 1023 1367 1103 idqoeco·

283 1123 373 1185 actos,
385 1114 463 1193 quod
472 1114 502 1173 in
512 1115 592 1174 nollo
601 1126 670 1175 ente
683 1115 789 1175 accidit
799 1116 943 1175 volumine
955 1132 1067 1176 excurso
1078 1113 1108 1173 in
1121 1115 1240 1174 themis
1251 1115 1369 1177 nosne

283 1208 413 1272 Quorum
433 1205 556 1265 omnium
575 1217 619 1266 est
633 1207 701 1265 mihi
715 1208 840 1286 optimus
850 1207 933 1267 testis
948 1204 1082 1283 Angelus
1095 1205 1368 1283 Chabrielnspatri.

283 1298 345 1358 cius
358 1299 498 1367 Venetus,
520 1298 689 1359 excellentis
708 1298 750 1357 vir
765 1299 882 1377 ingenii,
897 1310 927 1359 et
937 1298 968 1355 in
981 1308 1105 1375 utraque
1119 1296 1220 1375 lingua
1231 1296 1369 1357 metis-'-

282 1408 355 1461 mus,
369 1390 629 1468 Demosthenisque
642 1389 874 1458 studiosissimus,
885 1389 936 1464 qui
950 1407 969 1445 a
980 1406 1028 1447 me
1041 1387 1184 1466 hocopus
1198 1389 1372 1466 quotidiam.

281 1480 355 1552 lere,
369 1492 402 1541 ut
414 1482 454 1541 ait
467 1481 525 1551 ille,
540 1480 680 1549 convicio,
693 1490 725 1537 ut
734 1484 795 1553 Jam
808 1477 1011 1537 excudendum
1024 1496 1165 1549 curarem,
1178 1478 1363 1558 effigitahat.

282 1574 456 1651 Quanquam
467 1582 498 1631 et
511 1572 582 1631 illud
591 1589 719 1629 servasse
729 1568 842 1628 ridetur
851 1568 977 1639 sonunt,
991 1569 1365 1647 summonuistis

282 1663 331 1722 ille
350 1681 464 1739 semper
482 1662 538 1719 snit
559 1661 735 1738 eloquentis,
761 1671 794 1719 et
809 1660 973 1720 oetemitate
991 1661 1164 1740 scriptorum
1183 1680 1309 1736 mortim,
1323 1665 1366 1725 its

281 1752 390 1823 neseio,
404 1750 547 1830 quomodo
560 1750 767 1830 pulcherrimus
780 1752 827 1811 bic
839 1752 914 1812 liber
923 1752 1060 1826 onmium,
1073 1774 1147 1833 quos
1158 1755 1367 1835 imprimendos

281 1845 328 1904 sel
342 1843 428 1903 latine
442 1844 488 1903 vel
501 1863 597 1921 grece
611 1844 783 1914 curavimus,
798 1844 861 1904 exit
873 1844 904 1902 in
915 1844 1062 1924 publicum
1074 1865 1114 1905 ex
1128 1846 1238 1906 redibas
1247 1849 1365 1909 nostris.

220 2010 224 2013 ,
281 1935 475 2002 Quamobrem
494 1936 518 1995 si
537 1936 628 1995 serius
646 1935 683 1995 sd
696 1946 725 1997 te
738 1936 825 2007 venit,
841 1954 927 2015 quam
941 1948 972 1996 et
983 1937 1155 2010 turolebas,
1168 1939 1274 2018 etipse
1287 1940 1364 2000 desi-

280 2030 428 2101 derabam,
451 2048 509 2089 non
532 2028 600 2089 milti
622 2028 709 2088 velim
730 2028 867 2107 imputes,
890 2028 944 2088 sed
965 2029 1173 2091 Demosthenis
1196 2031 1359 2105 infortunio,

280 2140 366 2200 quem
380 2142 492 2183 summo
505 2140 572 2181 cum
592 2122 690 2181 labore
704 2132 734 2181 et
753 2120 891 2181 ἰιιάιιῐιὶιι
904 2122 1018 2195 fecisse,
1033 2144 1097 2202 qne
1109 2125 1187 2195 lecit,
1202 2125 1308 2198 omnia,
1321 2126 1362 2185 la·
1437 2138 1442 2151 “

279 2214 384 2291 morus.
426 2216 538 2274 Rursus
561 2213 757 2293 pulcherrimis
784 2214 1002 2275 characteribus
1025 2226 1056 2275 et
1080 2234 1220 2296 perquam
1245 2216 1363 2277 decenti

280 2304 382 2376 meme,
393 2306 561 2383 habitoque,
574 2324 631 2364 nec
641 2322 701 2365 nou
715 2295 961 2384 ceshgstissimm,
975 2306 1035 2367 exit
1047 2308 1077 2365 in
1089 2326 1190 2367 manus
1202 2308 1359 2378 hominnm,

281 2400 318 2462 ὥς
327 2400 397 2455 κατὰ
410 2402 460 2466 γῆν
471 2400 702 2469 παλιγγενεσίαν,
712 2416 771 2454 non
784 2408 882 2456 temen
895 2398 1044 2459 industrio
1053 2412 1169 2472 noum,
1179 2400 1232 2459 sed
1241 2398 1366 2459 militib

280 2485 358 2545 curis
367 2485 523 2555 adscribas,
537 2503 623 2563 quem
637 2485 711 2563 illius
723 2488 834 2564 gratie,
846 2498 877 2549 et
886 2488 1026 2560 felicitati,
1040 2511 1127 2569 quam
1135 2510 1250 2572 semper
1262 2491 1291 2549 in
1301 2490 1363 2549 suis

278 2577 388 2640 habuit-¹
400 2577 655 2638 lucubrationibus.
697 2579 761 2638 ilas
784 2598 854 2638 vero
877 2580 1085 2659 Demosthenis
1108 2585 1260 2654 annones
1281 2582 1362 2642 (llari

280 2667 452 2742 doctissime,
460 2670 566 2730 nomini
577 2679 629 2730 tuo
639 2681 829 2751 nuncupatas,
839 2689 876 2730 ex
884 2671 1188 2730 Neaondemisnostra
1197 2673 1362 2743 emittimus,
1477 2669 1481 2676 '

279 2763 319 2821 eb
341 2761 442 2824 multas
461 2781 572 2832 causes,
593 2764 646 2822 sed
666 2765 812 2840 prescipus
831 2774 877 2819 est
897 2760 1048 2835 singularis
1068 2758 1261 2820 benivolentia
1278 2762 1310 2819 in
1330 2774 1363 2822 te

278 2873 352 2925 rnea,
367 2857 406 2914 ob
419 2857 519 2914 miram
532 2854 704 2930 probitatem
718 2863 808 2918 tuam,
822 2860 854 2907 et
867 2849 1037 2919 doctrinam,
1058 2849 1255 2929 bonarumque
1267 2852 1363 2914 litera-

279 2965 341 3004 rum
355 2945 559 3022 cognitionem.
600 2943 675 3000 Tum
689 2941 756 3019 quia
775 2941 806 2997 in
823 2939 933 3018 inclyta
949 2940 1004 2999 ista
1018 2943 1090 2999 urbe
1109 2941 1224 3002 alomna
1235 2943 1362 3004 virorum

279 3036 415 3094 nobilium
426 3032 589 3112 Epidauro,
607 3032 655 3091 cui
673 3049 753 3090 nuno
774 3031 919 3090 llhaeusss
939 3040 984 3090 est
1005 3050 1121 3102 nomen,
1142 3041 1174 3091 et
1193 3034 1306 3107 latinas,
1328 3047 1362 3096 es

279 3145 391 3204 grecos
402 3125 500 3184 literas
519 3123 670 3203 profiteris,
690 3123 871 3202 instituisque
888 3125 1068 3200 juventutem
1085 3125 1168 3184 istam
1187 3125 1361 3206 eloquentie

278 3218 434 3278 studiosam
451 3227 514 3276 arte
527 3215 653 3286 dicendi,
674 3215 751 3293 quod
775 3215 852 3275 duce
872 3215 1082 3284 Demosthene,
1096 3227 1128 3274 et
1147 3227 1178 3275 te
1191 3217 1359 3298 interprete,

279 3331 364 3391 quam
378 3310 512 3369 facillime
526 3318 726 3386 consequetur.
766 3309 803 3367 ld
816 3309 896 3387 quod
907 3328 945 3368 eo
958 3309 1043 3366 etiam
1058 3308 1114 3366 feci
1130 3309 1274 3382 libentius,
1288 3331 1360 3390 qno·

278 3403 354 3462 ιιίιιιιι
365 3404 387 3462 si
399 3401 521 3481 cuipiam
531 3399 693 3479 reipublice
709 3400 912 3479 Demosthenis
922 3400 1066 3459 orationes
1080 3400 1129 3459 die
1142 3411 1286 3480 nocteque
1296 3405 1358 3464 vot-

276 3494 388 3557 nendos
399 3505 532 3554 accurate
552 3492 693 3565 existimo,
706 3493 750 3552 isti
770 3493 910 3552 existimo.
951 3491 1028 3550 Nom
1047 3493 1102 3551 etsi
1114 3492 1190 3553 viros
1210 3495 1286 3554 omni
1300 3496 1358 3554 sir.

277 3597 342 3649 tute
354 3586 500 3665 preditos,
516 3597 546 3645 et
555 3584 787 3664 prudentissimos
797 3585 894 3654 habet,
908 3584 1006 3663 quales
1016 3584 1075 3642 virli
1085 3585 1147 3663 ipse
1156 3585 1359 3648 venetiisDa·

277 3679 382 3738 nielem
398 3678 529 3738 Restium
543 3678 700 3736 secundum
715 3677 792 3756 apud
807 3677 935 3734 Venetos
949 3675 1119 3753 fungentem
1132 3676 1283 3755 legationis
1297 3681 1358 3740 offi-

277 3770 332 3842 eio,
353 3781 383 3830 et
401 3771 518 3830 Petrum
541 3769 684 3828 Mentium
705 3767 797 3828 Restii
817 3767 968 3846 collegam,
986 3778 1083 3829 tamen
1099 3770 1252 3847 preceptis
1269 3791 1356 3850 quam

278 3863 392 3944 optimis
419 3873 563 3921 oratorum
592 3862 716 3919 omnium
740 3859 947 3920 Demosthenis
967 3859 1055 3918 facile
1078 3859 1225 3939 principis,
1248 3875 1358 3941 quanta

277 3953 414 4035 tyrannis,
438 3963 467 4013 et
489 3953 629 4032 Philippis
649 3951 781 4012 habende
802 3951 838 4010 sit
859 3951 943 4020 fides,
966 3969 1025 4009 non
1046 3951 1170 4010 obscure
1191 3966 1357 4031 cognoscet

278 4047 354 4108 Nom
368 4065 433 4106 cum
446 4045 508 4105 eliis
517 4045 644 4124 plurimis
655 4043 860 4122 rempublicam
870 4038 1085 4102 Atheniensium
1099 4043 1235 4104 admonet
1244 4045 1356 4106 divinus

278 4152 374 4202 motor
387 4139 548 4201 cavendum
563 4155 627 4197 esse
641 4157 659 4194 a
671 4135 810 4215 tyrannis,
825 4134 875 4213 qui
889 4134 947 4193 sint
959 4145 1062 4193 natura
1071 4135 1166 4194 rertim
1175 4137 1356 4214 publicarum

277 4231 471 4302 inimicissimi,
489 4241 520 4288 ut
541 4229 600 4308 lupi
614 4228 718 4298 ovium,
732 4239 795 4286 turn
812 4227 857 4285 his
869 4227 963 4286 verbis
981 4227 1012 4286 in
1028 4227 1120 4306 prima
1139 4247 1193 4306 pro
1211 4229 1356 4308 Olynthiis

278 4323 423 4382 orationes
443 4326 489 4383 roi
501 4323 574 4388 ὅλως
591 4323 709 4380 ἄπιστον
720 4317 799 4399 oipor
810 4327 872 4385 ταῖς
884 4325 1036 4388 πολιτείαις
1049 4324 1205 4399 ἡτνριιννῖς
1218 4323 1312 4389 ἄλλως
1326 4345 1356 4380 rs

279 4413 330 4492 κᾷν
343 4415 443 4492 ὅμορον
456 4424 552 4494 χόριιν
566 4417 662 4496 ἔχωσι.
676 4413 732 4482 hpc
746 4423 808 4472 esi:
829 4422 861 4471 el
873 4413 988 4472 omnino
1004 4413 1133 4492 tyrannis
1147 4410 1236 4470 infida
1250 4431 1296 4473 res
1310 4425 1355 4473 est

278 4505 443 4584 reburpubl.
457 4508 612 4584 presertim
626 4505 650 4568 si
670 4505 789 4568 vicioom
810 4503 851 4563 illi
870 4504 1016 4583 regionem
1035 4503 1196 4573 habuerim,
1210 4513 1242 4562 et
1260 4503 1291 4564 in
1309 4525 1355 4569 se·
