3150 5125
410 447 414 456 .
518 406 582 469 sn·
596 396 955 475 nnnosnnnnnnn
1194 382 1277 465 sun

163 572 312 636 'qumque
327 560 367 619 ad
385 559 465 621 locos
476 562 650 640 paginarum
671 572 702 621 et
715 532 852 621 veisuum
871 558 994 637 alligari,
1008 556 1282 617 narmietatsanlss

60 652 66 661 '
174 650 283 709 ationis
291 650 529 715 Demosthenicae
542 656 596 715 sub
607 673 666 714 uno
680 652 986 731 conspectubaberes.
1026 648 1180 709 Delirabat
1192 635 1282 715 wop

176 738 223 799 ita
235 742 367 803 scribens
381 744 411 803 in
425 746 548 825 epistola
567 744 809 825 sdEpiscopium
828 741 1001 809 variantium
1020 740 1111 821 sylves
1131 738 1275 816 nebim»

174 851 209 909 p.
224 836 295 891 201.
320 834 421 897 Varias
437 838 563 897 latiam
582 839 697 897 eteriano
710 836 857 895 editionum
868 835 1043 917 consignatos
1055 833 1146 902 nata,
1160 848 1276 908 quarm

173 942 303 983 aareror
321 928 346 985 si
358 927 443 1007 soliis
461 930 642 1006 impressionis
662 932 717 987 too
737 926 932 987 accomodari
946 925 1097 1003 nequirent,
1108 922 1276 1000 proterruit·
1332 930 1337 939 “
1375 986 1380 994 ,

174 1015 275 1073 tendas
288 1036 390 1089 censeo,
403 1020 579 1099 lectoremque
596 1021 752 1079 monendum
772 1039 806 1077 cs
827 1020 888 1094 ipsa
908 1017 979 1075 serie
998 1016 1151 1085 eremos
1162 1023 1192 1071 et
1203 1015 1274 1071 loco·

171 1126 241 1163 rum
254 1126 307 1183 qao
317 1128 425 1187 pneqae
437 1120 503 1171 nota
513 1114 653 1187 pertineat
663 1110 835 1188 deprehendi.
876 1108 980 1187 Iniqua
991 1106 1130 1185 postulas,
1143 1105 1184 1165 mi
1196 1105 1274 1164 bone

174 1194 281 1255 wolfi.
322 1198 399 1259 Tem
411 1220 468 1279 ego
481 1202 589 1281 fungus
603 1222 663 1272 non
684 1221 760 1271 sum,
782 1213 818 1261 ut
838 1200 925 1260 unius
947 1199 1056 1261 notula
1072 1216 1176 1260 mussa
1196 1210 1275 1261 totas

174 1300 424 1351 sexcentesimum
447 1312 584 1353 versuum
608 1294 753 1371 orationes
777 1291 939 1371 perlegam·
979 1290 1049 1350 Non
1065 1290 1107 1349 ita
1125 1290 1274 1363 festinare,

173 1398 240 1439 non
258 1381 443 1461 praecipitare
467 1404 550 1465 opus,
572 1384 652 1463 qaod
673 1384 775 1445 ordine
788 1402 877 1461 agere
890 1383 1030 1453 debebas,
1043 1381 1201 1460 Episcopio
1214 1389 1275 1444 non

175 1471 307 1531 schedas
319 1466 551 1548 disjnctan'ialia
563 1475 694 1554 Sibyllae,
707 1474 776 1535 alias
790 1492 827 1533 ex
840 1471 903 1533 aliis
916 1473 1041 1544 mittere,
1055 1490 1137 1550 qaas,
1147 1492 1207 1551 quo
1226 1493 1277 1540 ess
1370 1479 1375 1487 '

177 1574 248 1621 sent
261 1564 433 1637 referendae,
447 1586 533 1627 nemo
546 1568 643 1638 sciret,
665 1586 731 1645 quae
751 1567 822 1645 ipsae
843 1564 899 1624 sibi
921 1560 1159 1624 contradicerent
1181 1584 1275 1643 sepe,
1358 1593 1361 1597 ·

176 1655 235 1713 sed
248 1655 279 1713 in
292 1656 435 1735 mandatis
444 1658 524 1731 dare,
535 1669 569 1719 ut
578 1657 783 1720 Demosthenis
797 1666 910 1717 teroem
918 1656 1096 1717 excudendo
1110 1656 1274 1719 absolutum

131 1824 136 1831 ἱ
176 1747 220 1807 ad
231 1757 261 1805 te
274 1748 413 1822 mitteret,
426 1770 513 1828 quem
527 1761 559 1809 tu
572 1768 625 1829 per
646 1748 742 1809 ocium
761 1749 919 1827 relegeres,
932 1760 963 1809 et
975 1748 1177 1811 annotationes
1197 1760 1276 1832 tuas,

175 1840 331 1923 uariasque
345 1842 485 1903 lectiones
496 1842 647 1903 odiosum
658 1860 804 1921 quemque
817 1861 901 1904 mum
914 1840 1047 1912 referres,
1062 1851 1094 1901 et
1106 1840 1214 1900 munde
1226 1841 1274 1899 ni-
1328 1852 1333 1858 '

175 1930 300 2009 tideque
314 1944 345 1991 et
363 1934 462 1993 ordine
477 1934 637 2014 descriptas
655 1932 770 1995 onnus
792 1952 894 1994 omnes
914 1933 953 1995 ad
974 1932 1187 2012 typographum
1204 1932 1272 2007 mit-

174 2030 264 2081 teres.
305 2023 370 2083 Nisi
384 2026 533 2087 consilium
546 2026 688 2105 cepissem
703 2025 811 2085 edendi
823 2024 1043 2095 Demosthenis,
1052 2023 1132 2103 quod
1141 2044 1190 2085 me
1202 2044 1273 2085 coe·
1307 2068 1312 2079 ,

174 2114 222 2193 git
234 2116 372 2194 quicquid
382 2136 505 2197 nsquam
518 2127 646 2179 exstaret
657 2116 807 2197 copiarum
818 2117 897 2196 typis
910 2135 1051 2177 excusum
1063 2117 1216 2194 indagare,
1223 2136 1272 2177 ae·

158 2204 248 2291 *dulo
266 2217 298 2265 et
315 2228 382 2267 cum
396 2209 558 2287 pulvisculo
570 2208 735 2283 camdem,
756 2217 788 2267 et
802 2207 905 2269 ordine
923 2206 1070 2269 concinno
1082 2207 1206 2286 digesta
1216 2209 1283 2269 ista

135 2358 138 2363 ,
175 2296 277 2357 omnia
295 2318 469 2377 proponere,
482 2318 630 2379 nunquam
652 2300 726 2361 tanti
745 2299 893 2369 incisam,
910 2299 1065 2361 utilitatem
1086 2319 1167 2379 saepe
1187 2301 1272 2361 mini·
1357 2356 1360 2360 .

175 2406 266 2459 mam,
280 2400 332 2449 aut
345 2390 463 2463 nubem,
478 2392 604 2451 maximo
618 2402 650 2451 et
663 2390 841 2451 mmmnabiii
854 2391 956 2452 labore
973 2408 1081 2455 emere.
1122 2394 1219 2459 Quem
1230 2395 1273 2455 la·

173 2480 280 2539 barem
300 2479 359 2558 ipsi·
375 2482 457 2543 adeo-
472 2482 647 2562 Episcopius
671 2492 701 2541 et
714 2481 778 2541 Tb.
793 2479 963 2562 Zwingeras
982 2482 1169 2562 defugerent,
1182 2486 1272 2550 amici
1399 2489 1410 2504 ⁸

177 2571 290 2650 Wolfli,
305 2591 427 2651 quorum
446 2575 601 2654 plurimum
615 2575 762 2648 intererat,
778 2575 870 2655 etqui
882 2576 1028 2636 debebant
1041 2589 1072 2636 et
1085 2579 1215 2662 omnium
1228 2560 1272 2641 ia
1337 2598 1342 2608 “

176 2664 285 2726 cillime
299 2676 435 2743 poterant
449 2686 516 2728 eum
529 2667 668 2746 expedire
680 2687 733 2746 pro
744 2666 894 2735 omnibuse
913 2668 969 2743 ipsi
979 2668 1055 2728 adeo
1066 2667 1272 2731 Franciurtani

176 2756 408 2818 etGenerenses
422 2759 645 2830 exhorruerunt,
659 2760 707 2836 qui
716 2759 894 2834 Wolfianum
902 2757 1137 2817 Demosthenem
1148 2763 1273 2822 recude-

173 2859 253 2919 runt,
264 2855 344 2924 (nam
358 2849 388 2906 in
398 2859 501 2910 neutra
521 2847 691 2908 recensione
702 2847 758 2908 ista
771 2847 902 2911 miscella
908 2850 1026 2928 Dnago
1039 2849 1071 2910 in
1081 2849 1212 2912 ordinem
1225 2873 1273 2912 re·

175 2942 264 3002 dacto
277 2954 334 3021 est,
343 2955 396 3002 sut
404 2941 520 3022 pagina
533 2957 670 3003 rersnsve
684 2939 760 3000 notis
773 2954 826 3000 eut
835 2940 1012 3002 variantibus
1024 2941 1164 3021 adscripti
1171 2943 1194 3019 ;)
1203 2965 1275 3008 ensa
1331 2973 1334 2979 “

172 3035 319 3096 lectarum
337 3046 462 3108 tuorum,
478 3033 577 3106 Wadi,
597 3043 740 3113 quotquot
752 3044 822 3117 sunt
835 3045 866 3094 et
880 3044 967 3094 erunt
981 3034 1107 3094 omnium
1118 3037 1272 3115 nunquia

173 3146 232 3205 qne
246 3127 349 3186 viritim
363 3126 488 3188 maximo
503 3144 570 3186 cum
589 3125 678 3184 rena
696 3123 866 3185 devorabit?
901 3123 972 3186 Non
988 3125 1140 3204 cogitabas
1161 3144 1271 3207 nempe
1315 3155 1325 3162 ·

173 3218 219 3278 sic
232 3218 345 3278 irrideri
365 3238 457 3297 genus
470 3219 637 3288 humanum,
655 3216 698 3276 sic
718 3215 887 3294 patientiam
897 3225 1031 3277 nostram
1041 3216 1167 3294 fatigari.
1208 3219 1273 3280 Im·

172 3319 334 3388 parturum
347 3321 401 3383 est,
415 3321 448 3370 ut
459 3323 493 3369 tu
505 3309 583 3370 malo
596 3327 710 3378 emens,
723 3308 804 3387 quod
815 3308 868 3388 tibi
886 3307 1088 3380 conveniebat,
1099 3308 1162 3368 aliis
1175 3309 1269 3370 mille·

174 3401 234 3469 nis,
245 3400 282 3458 sd
293 3420 365 3479 quos
378 3401 422 3460 nii'
431 3401 566 3480 pertinet,
576 3400 685 3460 malum
699 3399 782 3460 dare.
820 3400 900 3463 Haec
917 3410 963 3461 est
985 3418 1045 3460 una
1059 3419 1167 3478 magna
1187 3401 1268 3464 labes

176 3491 313 3552 editionis
322 3492 485 3564 wulfinum,
496 3494 608 3564 ἀταξία.
621 3491 700 3554 rudis
715 3509 751 3552 ea
764 3491 1022 3572 estindigestaque
1040 3493 1141 3564 moles,
1156 3513 1269 3556 merum

175 3585 277 3656 cbaos,
289 3585 370 3663 quod
380 3585 540 3645 intuentem
551 3583 654 3644 borror
667 3595 698 3644 et
707 3584 858 3652 fastidium
871 3594 1003 3662 occupet
1046 3583 1106 3646 sen
1119 3595 1165 3649 est
1177 3582 1269 3650 altera

173 3699 235 3740 non
251 3677 377 3738 lerion·
398 3676 522 3758 Wolfsus
537 3685 648 3736 tenuem
661 3677 870 3736 Demosthenis
889 3676 972 3736 dedit
992 3695 1047 3753 pro
1068 3675 1187 3737 arbitrio
1202 3685 1268 3752 suo,
1345 3717 1354 3722 -

94 3845 97 3849 Α
174 3791 235 3832 non
252 3791 270 3831 e
287 3771 367 3831 libris
381 3771 494 3832 calamo
508 3769 644 3842 exaratis,
658 3788 718 3828 non
737 3788 774 3832 ex
792 3768 916 3849 antiquis
937 3767 1111 3830 editionibus
1129 3771 1268 3831 emenda-

173 3876 250 3941 tum,
267 3863 321 3924 sed
335 3881 352 3922 e
366 3862 544 3940 conjecturis
565 3860 636 3932 suis,
656 3860 756 3940 idque,
771 3861 852 3940 quod
864 3860 955 3922 multo
967 3859 1135 3939 pessimum,
1154 3861 1268 3922 lectore
1352 3923 1364 3946 Ι

173 3977 235 4018 non
253 3955 412 4028 admonito.
460 3953 527 4032 Ego
546 3953 671 4032 ipsemet
691 3971 809 4032 quoque
829 3971 1036 4031 nonnunquam
1057 3952 1267 4013 Demosthenis
1327 3995 1330 4000 -

172 4051 333 4110 arationem
355 4049 494 4110 arbitratu
513 4066 581 4107 meo
600 4045 756 4131 constituo.
799 4045 863 4106 Sed
880 4045 932 4106 ubi
947 4045 997 4104 ubi
1010 4043 1097 4115 facia,
1120 4044 1276 4104 admoneo
1331 4107 1336 4117 x

171 4141 296 4201 lectores
312 4159 380 4198 cum
392 4139 497 4217 inipso
510 4138 606 4198 statim
617 4147 702 4198 texto
712 4137 853 4217 appositis
865 4135 1018 4206 asteriscis,
1028 4136 1078 4213 qui
1090 4134 1216 4195 lectores
1226 4134 1266 4196 da

173 4249 242 4290 mea
261 4231 327 4290 crisi
343 4231 529 4300 admoneant,
543 4239 573 4290 et
586 4229 626 4290 ad
642 4230 844 4290 mactationes
861 4239 976 4290 nostras
994 4236 1144 4304 receptum
1156 4225 1266 4287 habere

172 4324 312 4400 jubeante
332 4335 394 4382 tum
411 4322 441 4381 in
462 4321 696 4382 annotationibus
713 4332 875 4383 nausearet
894 4319 1018 4380 rationes
1040 4315 1265 4390 emendationis,

175 4433 229 4472 seu
244 4414 266 4470 si
282 4414 379 4488 mavis,
392 4413 559 4474 mutationis
573 4415 716 4492 cujusque
729 4414 805 4474 ame
817 4410 992 4489 excogitate
1005 4419 1037 4468 et
1049 4409 1079 4466 in
1091 4419 1201 4468 textum
1213 4409 1267 4472 ads

140 4527 148 4553 ι
172 4503 272 4564 misere
293 4523 407 4584 expono
428 4505 709 4577 inaunotationibus,
721 4514 751 4566 et
761 4503 890 4565 tabidam
907 4501 981 4563 calci
1000 4500 1095 4580 operis
1115 4500 1267 4585 subjiciam
1324 4524 1326 4527 ·

220 4623 295 4667 von.
317 4625 340 4667 1.
710 4627 737 4682 ,μ
