3150 5125
307 394 388 456 ercis
650 388 812 451 Ratsxn
833 374 1056 449 anrltlo

309 571 369 631 quo
379 568 447 609 usur
461 558 506 609 ert
516 544 701 627 Sylburgius,
713 566 766 607 sau
777 545 941 625 quicunque
954 537 1147 619 appendicem
1155 534 1430 603 Frencfurtanam,

311 661 390 703 ame
405 642 447 701 sic
461 640 578 711 dictam,
595 640 717 700 curavit.
739 637 856 699 Desinit
869 635 918 695 illa
930 632 1051 695 collatio
1070 632 1100 689 in
1118 650 1205 689 versu
1225 626 1366 688 mundo
1388 644 1428 702 p.

311 738 381 797 520.
394 732 527 793 editionis
551 731 700 792 Parieinae.
742 728 816 791 lnde
836 746 928 806 usque
949 726 989 786 ad
1009 724 1165 784 funebrem
1184 720 1352 783 orationem
1377 717 1426 776 nil

312 836 481 887 motatum
493 824 534 887 ibi
548 824 651 905 reperi.

707 1122 838 1193 sacr.
864 1120 1020 1192 xxnr.
1140 1211 1145 1219 Ι

348 1262 352 1269 ’
423 1298 644 1369 neruimes,
659 1292 1265 1375 owsmmmaeraonmo,
1278 1303 1309 1353 e

596 1391 793 1451 commentariis
804 1390 834 1448 in
847 1408 907 1449 em
917 1387 1124 1449 conscribendi.

358 1545 510 1606 Hmfuere
523 1542 592 1603 milti
607 1542 701 1622 copias
714 1544 752 1603 ad
766 1563 868 1605 manus
882 1543 1041 1606 editionem
1053 1542 1131 1601 hane
1145 1540 1234 1601 Dem.
1248 1537 1416 1609 alomna,

318 1639 423 1718 quibus
436 1636 527 1715 copiis
540 1635 688 1712 quomodo
709 1635 764 1695 sim
784 1655 866 1707 usus,
886 1635 1044 1696 dicendum
1063 1632 1134 1691 mihi
1154 1650 1234 1691 nunc
1253 1641 1311 1691 est.
1351 1629 1415 1689 Pri·

317 1748 398 1787 mum
420 1726 528 1787 contuli
551 1726 605 1785 hoa
627 1724 746 1785 codices
766 1745 855 1785 manu
874 1734 1022 1799 exaratos,
1041 1735 1073 1785 et
1086 1724 1149 1795 has,
1163 1741 1236 1800 quan
1250 1721 1324 1793 dixi,
1338 1722 1420 1801 typi·

318 1818 452 1898 vulgatas
472 1816 614 1877 editiones
633 1835 700 1875 cnm
713 1815 841 1877 editione
856 1816 1021 1888 Parisienai,
1035 1826 1067 1875 et
1080 1835 1147 1894 quae
1166 1816 1253 1873 bone
1266 1815 1415 1892 genuino·

316 1931 373 1991 que
387 1910 554 1969 viderentur
569 1908 718 1979 lectiones,
734 1926 785 1969 eas
800 1909 911 1989 recepi,
920 1908 1124 1969 vetustioribus
1136 1906 1232 1986 pravis
1242 1907 1417 1967 lectioniboe

319 2002 475 2081 abrogatis.
525 2000 695 2062 Baliaricum
717 2001 849 2062 codicem
871 2012 903 2062 et
925 2002 1131 2080 Augustanum
1150 1998 1315 2058 secundum
1335 1997 1416 2059 aolus

321 2092 441 2165 contuli,
463 2092 589 2173 reliquos
613 2112 673 2153 una
694 2112 760 2153 cum
784 2112 886 2165 uxore,
911 2092 1070 2156 Ernestina
1094 2090 1242 2152 Christian
1265 2090 1416 2161 Mulieris,

321 2184 546 2265 Kembergensi,
559 2204 647 2264 quam
666 2196 831 2246 matronam
843 2185 983 2267 pudicam
998 2193 1029 2245 ct
1040 2182 1127 2261 frugi,
1141 2181 1258 2262 meique
1272 2192 1302 2241 et
1314 2182 1416 2241 literu-

296 2275 303 2283 ’
319 2278 558 2359 larummearum
572 2288 728 2349 amantem,
742 2278 773 2337 in
785 2278 844 2339 hoc
855 2296 945 2356 opere
958 2274 1127 2337 industriam
1138 2284 1169 2333 et
1181 2275 1319 2335 solertem
1326 2272 1417 2333 habui

321 2370 441 2431 sociam.
464 2368 568 2429 Studio
577 2369 645 2441 mei,
655 2388 714 2446 quo
724 2368 840 2429 labores
850 2368 990 2449 plurimos
999 2365 1199 2444 maximosque
1212 2365 1243 2425 in
1253 2367 1313 2427 boc
1326 2383 1416 2445 opere

290 2510 295 2516 .
321 2460 393 2521 mibi
409 2458 579 2519 tolerandos
599 2450 888 2533 sublevaretliteras
907 2479 1020 2541 grecas
1039 2470 1070 2520 et
1089 2458 1192 2520 latinas
1212 2479 1260 2519 me
1279 2461 1417 2537 magistro

323 2549 412 2630 coepit
431 2549 555 2636 discere,
568 2569 688 2630 quarum
701 2550 779 2614 rudis
793 2552 864 2614 mibi
876 2552 906 2614 in
922 2571 1038 2612 manum
1051 2563 1238 2614 convenerat
1263 2551 1414 2614 Editionas

323 2642 459 2704 Aldinsm
472 2653 504 2704 et
520 2642 671 2704 Paulinam
689 2645 753 2724 ipsa
770 2645 833 2706 sola
846 2644 981 2706 contulit.
994 2661 1051 2704 nec
1065 2663 1125 2704 non
1138 2644 1270 2704 codicem
1283 2655 1415 2723 quartum

325 2737 542 2817 Augustarum,
564 2737 600 2798 In
619 2737 796 2817 digerendis,
810 2737 1044 2818 mundandisque
1057 2747 1089 2796 et
1102 2735 1283 2815 impressioni
1301 2753 1416 2797 aoeom·

322 2830 475 2892 modendis
490 2827 630 2894 chartulis
651 2830 723 2892 meis
745 2831 876 2893 confusis
898 2849 1019 2909 opernm
1041 2829 1111 2888 mihi
1137 2829 1277 2908 prestitit,
1290 2828 1416 2888 indefes·

323 2941 396 2982 amn.
409 2927 491 2998 cnjus
505 2941 604 3001 operoe
617 2933 650 2981 ut
662 2941 720 3001 ego
740 2921 795 3000 ipai
814 2921 955 2982 maximas
967 2921 1065 2981 babeo
1085 2937 1202 2999 egoque
1222 2920 1341 2998 publice
1353 2937 1416 2997 gm-

324 3012 388 3084 tias,
404 3013 444 3074 ite
457 3032 542 3092 spero
562 3012 689 3074 futurum
713 3024 747 3072 ut
759 3023 831 3074 atas
841 3033 958 3093 qnoque
971 3025 1002 3076 et
1013 3014 1077 3074 bec
1089 3024 1197 3084 nostra,
1219 3023 1251 3072 et
1271 3013 1417 3074 insecutu-

324 3121 377 3172 rae,
401 3104 571 3162 memoriam
594 3106 657 3180 ejus
677 3115 763 3182 grata
781 3107 985 3168 reconditione
1004 3106 1145 3166 recolant
1186 3104 1417 3166 Pronuntintioni

325 3211 490 3272 graecorum
504 3193 682 3257 Eraamisnse
698 3212 843 3260 comeam
865 3199 1100 3268 adsuefeciasem,
1118 3197 1251 3277 preelegit
1270 3199 1321 3258 illa
1337 3197 1414 3266 mibi,

324 3284 440 3346 codices
462 3294 552 3345 matos
571 3283 725 3363 relegenti,
738 3287 909 3366 exemplum
921 3289 1138 3356 Morellianum.
1178 3288 1227 3348 Ita
1239 3289 1354 3366 quoties
1373 3307 1416 3348 oo·

326 3387 459 3438 curreret
471 3375 604 3446 varietas,
617 3395 683 3454 quae
694 3395 753 3436 uon
766 3377 852 3456 plane
866 3379 1033 3458 spernenda
1045 3377 1202 3453 videretur,
1213 3397 1277 3440 eam
1291 3378 1418 3448 enotavi,

325 3467 457 3546 perlecta
471 3467 624 3528 collatione
642 3469 717 3548 coepi
730 3469 871 3530 lectiones
884 3459 948 3530 illas
962 3489 1062 3529 omues
1076 3471 1219 3553 digerere,
1234 3482 1266 3530 et
1279 3489 1365 3530 unum
1384 3469 1416 3528 in

324 3559 427 3618 librum
448 3559 618 3619 variantium
640 3559 784 3633 conferre,
797 3561 901 3640 quibus
917 3561 1016 3622 addidi
1029 3581 1089 3634 eas,
1103 3581 1175 3641 quas
1190 3562 1308 3642 Taylori
1327 3561 1414 3622 editio

197 3727 199 3732 Α
326 3649 540 3732 suppeditabat,
558 3671 616 3711 nec
629 3672 690 3721 non,
713 3651 973 3724 editioWolfiana,
996 3665 1027 3714 et
1048 3653 1158 3714 indices
1179 3653 1256 3726 Aldi,
1277 3652 1414 3726 Manutii,

326 3743 471 3804 Lambini.
512 3743 547 3802 ln
567 3743 625 3804 bac
647 3762 746 3823 opera,
772 3739 943 3805 incredibile
961 3742 1042 3805 dictu
1062 3756 1118 3816 eat,
1136 3764 1222 3825 quarn
1243 3746 1367 3805 molesta
1386 3755 1415 3804 et

327 3834 457 3907 tediosa,
471 3833 535 3915 plus
550 3855 656 3895 annum
672 3836 829 3897 consumsi.
872 3836 1024 3897 Ridebunt
1050 3855 1097 3894 me
1117 3835 1253 3916 imperiti,
1272 3837 1322 3916 qui
1344 3857 1413 3894 aru·

327 3947 459 3988 mnosam
484 3938 514 3986 et
536 3927 730 3987 miserabilem
752 3929 815 4007 ipsa
837 3929 908 3986 mihi
927 3927 1056 3988 laborem
1080 3927 1210 3988 literulaa
1232 3927 1414 3990 consectandi

327 4019 522 4100 imposuerim.
535 4039 608 4098 quos
619 4039 676 4098 ego
687 4019 812 4080 vicissim
825 4031 980 4080 contemno
993 4032 1024 4080 et
1037 4003 1163 4082 ¹miseror
1176 4040 1259 4081 usum
1273 4034 1305 4082 et
1315 4041 1415 4082 neces·

326 4113 442 4177 ritatem
453 4111 539 4188 hujus
561 4111 604 4171 rei
623 4112 800 4175 nescientes.
840 4113 960 4174 Fundus
983 4113 1031 4172 bic
1055 4125 1100 4173 eet
1118 4113 1244 4193 optimus
1264 4126 1296 4174 et
1318 4114 1416 4194 praeci·

326 4225 403 4286 puus
419 4203 667 4290 emendandorum
680 4215 813 4264 veterum
827 4215 989 4266 auctorum.
1031 4205 1168 4265 Editores
1181 4215 1312 4264 veterum
1333 4205 1415 4264 libro·
1450 4240 1454 4253 ·

325 4317 391 4356 rum
412 4297 482 4357 hinc
500 4295 628 4376 incipere
641 4296 758 4374 debent,
799 4295 900 4356 Prima
912 4295 977 4356 haec
991 4297 1082 4357 debet
1095 4317 1197 4358 eorum
1211 4317 1278 4358 esse
1292 4317 1372 4370 cura,
1384 4309 1414 4358 ut

326 4399 417 4450 matos
432 4388 551 4448 codices
568 4399 682 4448 veteres
703 4390 788 4448 bonoe
802 4400 888 4460 nota,
909 4391 994 4450 antei
1015 4390 1059 4449 his
1074 4402 1200 4464 careant,
1215 4391 1415 4458 vetustissimae

325 4481 420 4542 saltim
432 4480 575 4556 editiones
596 4480 782 4560 primigeniae
805 4481 957 4562 inspiciant
978 4477 1096 4560 ematis
1121 4482 1235 4560 ductas,
1257 4501 1352 4562 eoque
1374 4482 1414 4556 bis
