3150 5125
523 410 550 469 1.
572 410 764 473 mtrem
786 409 934 519 upote.
1200 416 1275 477 lm'

178 580 257 623 muru
265 560 409 637 Judicsut,
422 578 477 643 pro
488 562 607 643 ingenio
617 574 671 627 tue
679 562 828 644 singulari,
835 561 1104 645 prestant'usimum
1114 576 1273 643 oratorem

177 654 298 717 artificio
314 655 443 735 quodam
456 666 488 717 et
500 657 680 743 expolitione
692 656 873 730 usmetum,
886 656 1022 735 notisque
1034 655 1195 735 insignibus
1207 659 1275 720 illu·

176 758 298 808 stratum
310 748 341 809 iu
349 748 447 813 lucem
460 750 499 811 de
508 750 622 830 integro
633 772 711 821 nunc
720 750 861 831 proferes,
871 750 1059 830 pristinoque
1065 748 1199 829 dignitati
1209 771 1277 813 sues

175 840 325 902 restituasr
341 862 399 923 qua
411 862 445 903 re
458 862 519 903 oon
528 843 690 922 posteritati
702 855 817 905 tautum
829 843 985 923 plurimum
997 841 1205 915 commodabis,
1217 844 1273 907 s'ed

174 943 319 995 eternum
343 934 432 995 etiam
452 935 575 1008 vinulis,
599 935 750 1009 doctrinm,
768 936 929 1009 industrie,
942 935 1134 1015 laborumque
1155 947 1273 997 tuorum

174 1026 356 1103 preconium
369 1027 500 1109 colliges,
511 1048 713 1110 summumque
727 1028 852 1111 gloriam
864 1048 901 1089 ac
910 1028 1031 1096 laudem
1048 1028 1102 1087 libi
1120 1046 1273 1109 compars-

174 1116 229 1183 bis.
269 1119 354 1181 Vale.
799 1122 913 1184 sruos
925 1121 1112 1183 Panaretus

811 1212 1087 1292 Moroopibertauus
1102 1212 1244 1277 Francus.

215 1332 284 1419 Ego
297 1360 369 1400 rero
385 1336 525 1420 singulari
541 1340 694 1422 diligentis
711 1353 743 1403 et
757 1338 870 1417 judicio
882 1340 935 1398 viri
952 1326 1073 1421 egregie
1094 1340 1173 1425 docti
1188 1340 1272 1425 dele·

175 1438 282 1503 clatus,
303 1432 444 1511 pleraque
464 1434 501 1493 sb
522 1454 559 1493 eo
577 1443 681 1493 notate
694 1433 825 1511 subjeci:
850 1432 979 1511 quamvis
1000 1433 1271 1506 animadverterem,

176 1522 386 1603 Augustanum
401 1523 536 1585 codicem
550 1524 659 1585 bebere
668 1544 728 1585 uon
740 1542 836 1603 pauca
846 1533 876 1584 et
889 1543 956 1583 cum
969 1524 1043 1583 meis
1053 1525 1228 1601 conjecturis
1242 1534 1274 1585 et
1342 1540 1346 1546 ·

175 1634 245 1677 cum
269 1616 581 1697 caeterles‘rdrdope'rorc
598 1640 629 1678 τε
648 1620 694 1677 καὶ
713 1616 872 1683 α’νεκδότοις
893 1616 1116 1677 consentientia.
1156 1616 1193 1675 In
1213 1616 1273 1697 hoc

166 1696 253 1768 'enim
267 1728 378 1789 genere
392 1720 492 1770 contra
500 1719 681 1788 praeceptum
694 1708 835 1769 Isocratis
848 1709 1021 1782 πλεονάζειν,
1035 1712 1114 1768 ἀλλὰ
1123 1714 1164 1788 μή
1178 1710 1273 1767 ἐλλεί-

174 1823 239 1861 πειν
256 1803 382 1881 εἱλόμην.
423 1799 510 1868 Quod
522 1800 632 1861 factum
653 1812 786 1861 nostrum
803 1802 834 1861 in
854 1802 993 1883 optimam
1007 1812 1119 1883 partem
1133 1799 1273 1862 candidos

173 1886 298 1965 lectores
313 1894 456 1975 accipere,
471 1903 500 1953 et
519 1886 653 1955 erumnis
666 1895 773 1955 nostris
794 1913 849 1955 suo
863 1894 1017 1955 commodo
1029 1893 1086 1953 frui
1098 1893 1195 1970 velim.
1236 1893 1273 1969 Iu

173 2004 211 2045 eo
222 1996 329 2055 nutem,
345 1985 424 2066 quod
437 1978 516 2045 idern
531 1985 680 2047 Fabricius
694 1997 810 2063 censet,
824 1996 919 2047 totum
934 1986 1083 2065 exemplar
1096 2006 1161 2046 esse
1175 1986 1214 2046 de
1226 1985 1272 2063 in·

172 2088 259 2157 tegro
278 2078 514 2151 describendum,
527 2078 572 2138 his
585 2074 732 2139 decausis
752 2080 791 2139 ab
805 2079 857 2137 illo
871 2078 1023 2150 dissentio,
1036 2077 1116 2157 quod
1135 2088 1166 2137 et
1179 2077 1272 2156 quiid

172 2170 323 2231 bonafide
344 2182 481 2251 prestare
501 2170 607 2250 possit,
620 2191 657 2232 eo
676 2172 739 2251 ipso
760 2186 900 2251 excepto,
917 2170 968 2230 bic
986 2170 1048 2229 scio
1066 2168 1222 2241 nemiuem,
1241 2178 1274 2230 et

171 2254 296 2323 eandem
309 2264 467 2323 lectionem
480 2282 518 2321 ex
530 2283 616 2342 oequo
629 2262 779 2341 probaturi
793 2281 894 2321 omnes
907 2280 968 2319 non
982 2272 1098 2320 essent:
1119 2270 1151 2319 et
1164 2277 1200 2319 ex
1213 2260 1272 2342 hae

171 2354 313 2414 varietate
326 2354 506 2413 diversarum
525 2353 694 2425 lectionum,
708 2372 746 2413 ea
763 2353 858 2433 quiris
876 2353 966 2412 bomo
981 2352 1087 2437 doctus
1100 2352 1187 2413 facile
1199 2350 1273 2413 deli·

172 2457 236 2525 get,
250 2466 315 2525 quae
329 2446 457 2505 maxime
470 2444 593 2523 probet:
616 2454 648 2503 et
660 2446 677 2515 ἡ
691 2451 862 2525 τετριμμένη
874 2445 949 2519 ὁδὸς,
962 2449 1035 2507 rard
1045 2448 1102 2531 ,τήν
1111 2450 1203 2506 πάλαι
1213 2468 1269 2507 πα·
1320 2492 1325 2499 .

173 2538 612 2629 porplnv,lnrlrdnpnlrrrdrr1.
653 2534 738 2600 Vale.

565 2715 598 2792 1.
623 2688 880 2800 TAYLORI

340 2856 396 2912 AD
412 2854 524 2910 SUUM
541 2853 789 2909 DEMOSTHEN
792 2852 853 2910 EM
870 2849 1100 2910 nnmerum.

409 3063 586 3126 numum
605 3061 850 3156 rumoremque
862 3059 940 3120 ono.
954 3057 1030 3120 Dm.

542 3196 545 3205 ’
610 3171 818 3254 ΙΟΑΝΝΙ

174 3323 274 3386 Comici
293 3321 510 3388 Gnnnvrnua,
534 3315 716 3376 Vim-Comici
736 3315 934 3384 Caurum,
954 3309 1061 3370 Borord
1079 3307 1265 3372 caurum

175 3461 182 3468 .
241 3417 273 3476 dr
294 3415 453 3482 stnus,
475 3409 577 3468 Inmlcr
596 3409 813 3470 lanseruusrs
837 3407 942 3466 Bullioo
959 3402 1061 3480 Regio,
1079 3401 1200 3464 Donato
1233 3468 1238 3482 p

313 3507 346 3563 de
368 3503 439 3564 Sem
454 3500 562 3572 Oura,
577 3501 781 3580 Augsntisrs'mo
801 3496 1012 3559 Britunniorurn
1023 3493 1099 3574 Regi
1112 3515 1132 3554 o

546 3591 735 3654 sanctioribus
750 3591 888 3663 Consiliis,

688 3693 742 3746 etc.
1108 3715 1113 3724 ·

209 3798 348 3858 Orruno
363 3792 441 3863 Tibi,
455 3789 507 3850 Vir
518 3789 606 3869 louge
620 3787 828 3860 Illustrissime,
849 3784 1035 3866 scriptorem,
1058 3781 1119 3865 eui,
1135 3783 1261 3846 inorodi·

168 3891 220 3954 bili
244 3887 373 3950 omnium
397 3885 518 3945 etatum
540 3901 695 3955 consensu,
719 3882 848 3942 maxime
870 3879 914 3940 vis
941 3877 1058 3939 dicendi
1084 3876 1263 3950 conceditur,

170 3981 382 4044 'Atheniensem
396 3978 681 4038 Dauosrnarrsur:
703 3975 820 4034 Metam
832 3972 912 4034 illem
925 3969 1103 4052 eloquentie
1115 3970 1262 4041 bumanse,

169 4077 269 4155 inquo
281 4093 325 4134 sc.
338 4081 450 4142 uatum,
462 4069 535 4149 quid
547 4078 609 4130 erat
621 4069 652 4128 in
665 4067 715 4128 illo
736 4086 845 4150 genere
861 4065 956 4126 laudis
973 4081 1128 4135 summum,
1141 4070 1264 4141 experts

169 4187 234 4228 esse
247 4167 371 4235 videtur,
387 4173 418 4224 et
438 4172 657 4222 mouumentum
676 4160 803 4241 posteris
814 4157 977 4230 tradidisse,
992 4167 1132 4234 quantum
1150 4149 1263 4231 optima

168 4260 256 4322 animi
274 4257 387 4318 indoles
405 4267 490 4316 acute
510 4265 542 4314 et
561 4253 685 4316 feliciter
706 4252 893 4323 inveniendo,
909 4257 1049 4329 quantum
1072 4241 1264 4306 mellitissime

167 4355 268 4432 lingue
278 4349 580 4428 omateeteleganter
590 4346 725 4420 dicendo,
733 4358 874 4426 quantum
881 4343 1007 4422 denique
1017 4342 1062 4419 (ut
1072 4338 1152 4396 fama
1159 4335 1263 4408 fertur,

169 4459 236 4504 nam
249 4445 280 4503 id
293 4443 381 4503 bodie
393 4461 452 4502 non
461 4440 613 4514 sentimus)
623 4439 751 4500 studium
763 4450 796 4498 et
807 4438 866 4498 oris
875 4431 1055 4498 confirmatio
1067 4437 1136 4508 epte
1150 4434 1260 4490 etero-

141 4601 144 4608 ,
170 4535 232 4601 dite
244 4533 469 4642 pronunciando,
483 4531 619 4614 consequi
633 4531 783 4612 potuisset
