3150 5125
307 364 412 431 lxxxvi
574 407 580 416 ·
670 405 704 416 ··
749 367 777 430 l.
796 367 988 432 rursum
1089 399 1094 408 ·
1172 399 1177 408 ·

309 534 413 594 tatem,
424 521 452 582 ai
463 523 584 601 quando
594 522 775 586 invertendo
788 523 882 586 minus
894 523 1017 585 feliciter
1031 519 1153 607 eederet
1164 519 1283 593 Wolfio,
1297 521 1346 600 qul
1359 533 1418 581 ta-

308 635 377 677 men
391 615 476 675 istum
493 617 672 695 prouinciam
689 619 823 699 improbo
842 619 956 695 labore,
970 634 1027 675 noe
1048 614 1151 673 minori
1174 613 1262 674 laude
1282 614 1412 673 admini-

308 708 427 771 strarit:
446 720 510 768 turn
522 720 557 768 ut
567 711 718 772 ueritatem
731 711 866 777 lectionis
878 711 1004 769 intentu
1014 706 1244 767 Demostheuioo
1257 707 1335 765 ferte
1347 705 1413 764 lor*

307 810 382 861 tuna
390 799 545 870 eliceramr
562 799 705 880 siquidem
716 803 893 883 antiquiores
904 802 1087 880 interpretes,
1099 800 1187 878 longe
1200 816 1286 858 secus
1300 817 1337 858 ae
1350 799 1408 857 ho·

308 894 413 965 (lierni,
427 893 586 974 sepissime
599 896 793 956 retmtimima
812 893 987 973 exemplaria
1003 893 1033 952 in
1047 911 1117 952 usus
1134 911 1203 950 suos
1215 891 1319 950 sedulo
1332 909 1407 949 con·

309 985 436 1067 quirem,
451 1003 611 1065 eorumque
630 987 720 1047 fldem
737 988 768 1046 in
785 987 928 1047 vertendo
947 984 1029 1063 sequi
1040 984 1179 1044 solerent.
1220 982 1270 1042 De
1291 981 1407 1042 Demo·

308 1077 420 1139 ments
432 1088 531 1138 autem
543 1079 758 1158 interpretibus,
769 1079 819 1159 qui
833 1099 901 1140 cum
921 1097 1041 1137 numero
1057 1077 1115 1137 siut
1131 1076 1240 1155 plures,
1253 1073 1360 1153 linguis
1374 1085 1408 1134 et

309 1170 400 1230 laude
411 1169 527 1241 diversi,
542 1172 722 1232 commodior
735 1171 791 1231 erit
804 1171 922 1232 dicendi
934 1170 1032 1230 loeus:
1053 1171 1093 1229 ad
1111 1179 1242 1229 notarum
1256 1166 1407 1228 delectum

310 1279 445 1342 propero.
486 1263 522 1322 ln
534 1283 572 1323 ea
583 1274 680 1324 autem
693 1264 789 1344 operis
809 1274 904 1344 perte,
922 1273 1029 1342 preter
1048 1261 1194 1320 Wolfiana
1207 1279 1283 1340 pene
1296 1259 1404 1331 omnia,

308 1353 424 1431 (recisis
443 1354 632 1432 paucissimis,
645 1357 734 1416 immo
746 1355 844 1428 nullis)
857 1355 906 1414 ubi
920 1365 1017 1414 textus
1030 1347 1163 1413 laborare
1176 1353 1333 1422 videretur,
1353 1361 1406 1410 aut

310 1447 409 1508 Codd.
423 1446 623 1525 discrepantia
635 1449 795 1526 quidquam
806 1447 940 1508 contens
954 1445 992 1506 ad
1006 1452 1067 1522 ejus
1081 1457 1131 1505 aut
1146 1447 1281 1516 nitorem,
1295 1455 1346 1504 aut
1357 1461 1405 1503 sa·

307 1538 441 1610 nitatem,
453 1537 494 1596 ihi
505 1537 658 1598 consilium
669 1559 768 1598 meum
779 1539 932 1598 admiscui.
974 1536 1008 1597 ld
1022 1549 1121 1598 autem
1135 1537 1221 1616 quale
1235 1537 1333 1608 fuerit,
1354 1555 1406 1606 ne·

310 1651 370 1711 que
387 1630 447 1691 snei
466 1640 512 1688 est
524 1631 582 1693 loci
596 1631 749 1700 disserere,
762 1649 867 1709 neque,
882 1630 906 1690 si
919 1630 951 1690 id
964 1649 1148 1708 summopere
1162 1629 1326 1701 voluissem,
1342 1634 1406 1705 jam

308 1723 416 1782 luisset
424 1721 579 1799 integmm,
593 1741 661 1783 cum
672 1723 786 1799 judicio
794 1722 939 1782 communi
959 1741 1007 1782 me
1025 1740 1179 1801 meamque
1197 1718 1226 1780 in
1238 1741 1276 1781 ea
1289 1741 1321 1780 re
1341 1721 1406 1780 exi·

308 1813 506 1884 stimationem
522 1815 639 1892 penitus
649 1816 840 1894 submiserim.
871 1815 963 1884 Porro
977 1825 1083 1884 sutem,
1097 1811 1279 1894 q'noecunque
1296 1814 1326 1872 in
1339 1831 1407 1872 eru·

302 1907 438 1969 'ditorum
465 1906 580 1987 scriptis
597 1907 635 1968 ad
648 1920 799 1968 auctorem
813 1918 942 1969 nostrum
955 1907 1003 1968 vel
1023 1906 1299 1980 elucidandum,'rel
1309 1925 1410 1966 emen·

311 2001 440 2064 dandum
459 2001 616 2081 quidquam
635 1999 774 2060 momenti
793 2000 902 2060 habere
916 2000 1093 2072 viderentur,
1107 1999 1209 2061 sedulo
1225 1998 1408 2077 investigavi.

308 2097 466 2158 Postremo
479 2093 635 2174 plurimum
654 2103 810 2172 aooeptnm
830 2092 926 2155 refero
946 2091 1116 2158 humanitati
1129 2101 1161 2152 et
1173 2092 1313 2152 doctrinae
1323 2109 1406 2149 asm-

308 2207 423 2250 morum
437 2199 473 2247 et
483 2184 783 2266 prestantissimoram
799 2184 958 2257 homiuum,
976 2185 1042 2250 Jer.
1055 2183 1235 2255 Marklandi,
1247 2194 1278 2243 et
1293 2177 1407 2242 Jaoobl

310 2282 417 2353 Jrrrini,
432 2273 555 2359 quorum
567 2277 725 2338 amicitiam
739 2277 873 2357 impense
885 2275 994 2348 colere,
1012 2284 1100 2355 atque
1111 2294 1230 2356 operam
1242 2275 1363 2352 egregie
1374 2275 1410 2334 in

311 2373 518 2435 Demosthene
530 2381 663 2430 naramm
677 2370 794 2430 maximi
807 2372 923 2450 semper
935 2369 1044 2443 fecere,
1057 2379 1089 2428 et
1101 2369 1183 2428 soleo
1194 2378 1226 2428 et
1238 2366 1345 2428 debeo.

288 2593 311 2609 .·
352 2555 413 2617 llis
431 2555 587 2636 adjungam
607 2556 679 2619 licet
691 2576 845 2638 operarum
859 2555 1150 2640 Typographicarum
1170 2572 1279 2625 curam,
1300 2570 1406 2619 meam·

161 2659 165 2671 ’
311 2665 372 2727 que
384 2648 415 2721 in
426 2668 464 2709 ea
477 2666 567 2709 eausa
585 2668 644 2710 non
663 2650 814 2730 vulgarem
838 2650 1070 2716 sollicitudinem,
1083 2656 1143 2713 ‚aut
1162 2645 1406 2706 contemnendam

312 2740 514 2820 diligentiam
542 2742 743 2803 characterum
767 2735 958 2821 elegantiam,
985 2750 1018 2797 et
1040 2736 1210 2815 paginarum
1238 2748 1406 2797 accuratam

307 2836 553 2896 convenientim
594 2834 842 2893 Curariomnium
858 2833 977 2911 primus,
992 2841 1033 2899 ut,
1050 2829 1143 2907 qualis
1163 2828 1238 2887 louet
1256 2831 1332 2888 ratio
1356 2850 1407 2889 ex·

305 2927 412 2985 ¹arandi
434 2938 464 2984 at
476 2926 672 3001 distinguendi
683 2925 802 2997 Graeca,
816 2924 882 2980 talis
896 2940 1013 2999 quoque
1026 2921 1056 2978 in
1071 2920 1313 2999 Interpretatione
1327 2920 1408 2983 Wol-

309 3016 390 3075 tiana
408 3016 622 3093 religiosissime
644 3014 849 3081 adhiheretnr;
869 3022 1009 3090 quantum
1022 3012 1052 3071 id
1065 3012 1173 3072 sineret
1194 3013 1344 3092 utriusque
1357 3016 1409 3073 lin·

306 3126 389 3185 guse,
405 3107 520 3165 Graeooe
538 3124 580 3164 ec.
595 3102 784 3175 et'ltomanoe
804 3114 906 3165 natura
926 3116 957 3164 et
970 3106 1142 3185 proprietas.
1185 3106 1336 3185 Siquando
1356 3128 1408 3168 oc·

312 3209 430 3260 currant
440 3204 611 3273 (occurrunt
627 3209 725 3257 autem
742 3202 957 3277 sepenumero)
968 3198 1067 3270 rerba,
1081 3218 1147 3277 quae
1163 3197 1292 3277 legitima
1309 3202 1408 3261 vocari

311 3301 442 3372 possunt,
457 3291 538 3369 leges
557 3310 600 3351 sc.
613 3291 795 3371 populiscitu,
817 3290 991 3362 testimonia,
1015 3290 1097 3362 ritus,
1118 3292 1272 3353 antistius
1292 3295 1407 3373 generis

308 3395 510 3455 monumenta,
538 3402 575 3443 ea
597 3386 693 3445 omnia
722 3386 875 3464 utrobique
901 3384 994 3445 literis
1024 3376 1190 3465 majusculis
1215 3374 1407 3448 discriminuri

308 3477 400 3541 vohi.
447 3477 525 3536 Cum
544 3485 575 3536 et
594 3476 624 3537 in
645 3477 681 3537 iia
704 3496 804 3538 musae
826 3478 915 3558 ipsius
935 3479 1061 3539 rationes
1084 3480 1240 3559 saepissime
1263 3481 1405 3541 contineri

309 3569 401 3638 sensi,
414 3580 447 3629 et
457 3579 598 3649 preterea
619 3590 657 3630 eo
673 3570 799 3632 consilio
807 3571 955 3651 quendam
970 3572 1052 3651 quusi
1072 3572 1263 3645 Thesaurum,
1283 3574 1343 3633 sire
1360 3594 1406 3633 re-

310 3662 471 3742 pertorium
493 3662 567 3740 juris
589 3663 680 3723 Attici
701 3664 806 3725 lectori
829 3682 896 3723 meo
923 3663 961 3723 oh
987 3664 1088 3725 oculos
1111 3672 1350 3745 representatum
1373 3668 1407 3725 iri

311 3752 435 3814 credidi.
461 3753 614 3813 Postremo
626 3766 724 3815 autem
738 3754 877 3833 omnium,
889 3755 984 3814 flexus
998 3756 1068 3815 istos
1077 3766 1109 3815 et
1119 3757 1290 3817 diverticula
1301 3759 1406 3819 oratio·

312 3845 465 3919 nis(inoisa
476 3844 665 3923 majorasive
674 3849 873 3928 paragraphus
885 3848 1002 3924 vocant)
1017 3868 1092 3908 nova
1101 3850 1348 3929 quadamraoione
1362 3852 1407 3911 di-

311 3937 413 4010 stinxi,
421 3956 480 3995 non
490 3937 713 4017 pariverborum
728 3940 868 4012 clausula,
881 3952 933 4000 aut
945 3941 1050 4019 aequali
1062 3942 1199 4003 orationis
1212 3944 1404 4024 portiuncula,

312 4042 347 4091 ut
358 4029 401 4089 iili
414 4030 520 4101 solent,
534 4030 694 4106 dimensus,
706 4033 761 4093 aad
774 4032 936 4111 argumenti
957 4032 1051 4109 potius
1063 4034 1203 4113 pondere,
1223 4046 1253 4095 et
1266 4037 1406 4110 locorum,

308 4144 387 4204 quos
404 4134 521 4197 vocant,
538 4124 696 4197 rancum
715 4126 754 4185 de
767 4144 869 4185 eorum
884 4124 1061 4203 prolixitate,
1075 4137 1127 4185 aut
1140 4127 1284 4191 breuitate
1304 4142 1408 4191 contra

313 4237 415 4296 parum
429 4216 581 4278 sollicitus.
611 4216 778 4278 Istiusmodi
793 4234 866 4295 ergo
879 4214 989 4295 periodi
1002 4217 1110 4297 ubique
1123 4220 1236 4283 alitera
1248 4223 1408 4299 majuscula

225 4327 234 4344 ·
314 4310 476 4372 ordiuntur.
515 4308 564 4369 Ita
573 4328 646 4369 sane
659 4308 807 4388 provisum
821 4319 877 4379 est,
891 4317 923 4368 ut
935 4326 992 4368 nec
1005 4328 1042 4369 ea
1055 4312 1170 4373 abesset
1189 4314 1305 4385 utilitas,
1319 4334 1407 4393 quam

313 4400 444 4457 nonnulli
455 4420 495 4460 ex
507 4400 558 4459 tali
570 4399 755 4460 distinctione
775 4398 988 4478 expetiverunt,
1003 4420 1109 4483 neque,
1125 4415 1236 4469 textum
1250 4405 1409 4471 identidem

312 4489 539 4568 interpellando,
554 4514 627 4554 suus
640 4512 658 4555 a
669 4492 778 4574 pagina
791 4493 950 4555 decederet
962 4493 1051 4559 nitor.
1127 4533 1132 4541 ·
