3150 5125
312 405 423 471 arrei
550 401 607 464 10.
628 403 827 470 ratmont
839 401 1168 472 PROLEGOMENA

313 556 528 638 emptum
549 557 872 621 noriturArhtotelee
895 571 1004 620 annum
1026 565 1187 639 ιμιιι68.
1209 557 1433 620 etDemffl.

265 694 270 706 .
307 650 394 714 fieb.
414 649 483 710 XV.
500 653 553 712 28.
600 650 724 712 Photiur
746 669 786 710 er
806 651 871 712 aliis
893 671 987 714 anuos
1008 655 1059 717 70.
1080 652 1275 712 Demostheni
1296 651 1429 712 tribuit.

313 742 473 822 Antipater
483 761 551 802 cum
564 743 688 804 Cratero
698 738 834 803 Athehes
847 743 1008 810 contendit.
1048 742 1174 820 Aufugit
1187 743 1277 802 Dem.
1290 742 1426 820 aliique.

313 835 376 896 lior
395 836 433 894 P.
443 836 482 898 A
501 835 638 896 Demade
649 845 773 915 rogmte
785 836 883 914 capite
896 836 1054 897 damnant
1094 835 1243 914 Antipatri
1257 833 1424 894 ratellitea.

314 926 442 988 Archias
461 927 557 988 dictus
571 927 784 1008 popoloitpoe,
806 927 874 986 olim
895 927 1006 988 histrio.
1059 927 1120 987 Hic
1146 947 1184 988 ex
1204 927 1307 1001 Ajacis
1327 925 1422 996 nno,

310 1020 588 1100 quodeetAEginae,
607 1019 734 1080 extrahit
749 1019 934 1100 Hyperidem
953 1031 1107 1090 oratorem,
1111 1019 1324 1080 Aristonicum
1338 1018 1419 1076 Ma·

312 1113 487 1184 ratbonium,
515 1113 716 1196 Hemeroeum,
739 1112 884 1173 Demetrii
911 1113 1044 1172 Phalerei
1071 1113 1200 1172 fratrem.
1256 1109 1299 1169 111
1326 1107 1416 1168 mirsi

305 1205 442 1268 Cleonas
454 1205 494 1265 ad
507 1205 696 1285 Antipatrum
716 1205 814 1285 capite
824 1205 1002 1284 plectuntur.
1045 1205 1191 1284 Hyperidi
1211 1203 1310 1282 lingua
1330 1221 1415 1281 pre·

310 1298 381 1358 cisa.
422 1297 503 1357 Plut.
513 1297 629 1358 Arrian.
645 1298 684 1358 de
697 1299 788 1358 rebus
809 1307 875 1376 post
888 1297 975 1356 Alex.
985 1297 1086 1376 gestis.
1099 1297 1178 1376 apud
1191 1297 1279 1356 Pbot.
1271 1315 1326 1374 ..p
1339 1299 1414 1354 124.

304 1389 551 1456 Demosthenes
543 1409 574 1448 m
586 1389 695 1469 templo
709 1390 853 1469 Neptuni,
863 1391 943 1469 quod
956 1401 1021 1450 erat
1029 1389 1184 1460 cusona,
1198 1389 1293 1448 redet
1336 1387 1412 1447 Huc

306 1482 426 1562 magnis
446 1482 582 1542 acutariis
603 1481 757 1542 contendit
774 1481 912 1552 Archias,
935 1482 1079 1560 Antipatri
1099 1479 1222 1559 gratiam
1242 1477 1407 1558 pollicetur.

312 1573 448 1634 Eustatb.
462 1593 566 1633 comm.
580 1575 620 1633 ad
629 1574 755 1653 Dionys.
766 1572 883 1651 Perieg.
897 1591 982 1634 versu
996 1579 1065 1636 469.
1103 1571 1280 1632 insomnium
1295 1571 1336 1630 D.
1348 1573 1408 1630 Ar·

312 1663 388 1736 chia,
422 1685 479 1725 uec
506 1665 606 1724 histrio
629 1684 677 1724 me
707 1664 830 1734 movisti,
862 1683 958 1744 neque
988 1684 1068 1724 nunc
1090 1663 1219 1724 movebis
1240 1663 1408 1742 promiseor.

311 1757 380 1822 Quo
393 1757 454 1816 ad
445 1775 517 1816 ιιιιιι
533 1775 684 1827 converso,
695 1741 794 1827 Nunc,
813 1757 862 1828 uit,
884 1757 1002 1816 oracula
1020 1756 1082 1816 edis
1097 1756 1302 1826 Macedonica,
1316 1755 1405 1814 modo

311 1846 430 1904 mimum
450 1847 545 1926 egisti.
587 1846 705 1906 Sustine
726 1866 883 1927 parumper
904 1847 975 1907 dum
996 1867 1078 1907 meos
1092 1847 1170 1906 domi
1191 1847 1326 1908 salutern.
1367 1846 1405 1904 ln

309 1937 559 2018 interioratempli
573 1939 727 2010 recedens,
742 1939 881 1999 scribenti
903 1951 934 1999 et
956 1939 1108 2000 meditanti
1127 1939 1236 2009 similis,
1258 1939 1404 1998 edamum

310 2050 425 2092 veneno
437 2033 581 2092 imbutum
592 2033 636 2094 ori
648 2033 778 2092 admovit
796 2033 892 2112 capite
905 2033 1054 2094 inclinato.
1097 2032 1270 2112 Stipatores,
1291 2033 1341 2113 qui
1365 2033 1406 2092 ad

310 2123 528 2196 soresatabaut,
542 2125 666 2185 riserunt
685 2135 718 2185 ut
734 2125 882 2204 ignavum.
925 2125 1050 2185 Archias
1071 2125 1169 2184 instat.
1212 2125 1352 2184 Peditum
1373 2124 1404 2182 in

272 2285 278 2299 .
309 2218 433 2298 gratiam
454 2237 522 2278 cum
537 2218 694 2297 Antipatro
712 2217 851 2278 ostendit.
891 2217 1057 2277 luteutisiu
1072 2217 1209 2277 Archiam
1222 2217 1321 2287 oeulis,
1344 2217 1405 2276 Pac

248 2300 252 2306 ⁴
310 2329 384 2414 agua
402 2329 440 2371 ex
459 2311 593 2389 tragodo
608 2312 766 2372 Creontem
784 2322 845 2372 etc.
888 2311 965 2370 Cum
982 2327 1061 2370 mam
1080 2311 1255 2388 preteriret.
1274 2309 1404 2370 concidit

310 2402 494 2480 animamque
517 2401 634 2462 efflavit.
674 2400 942 2462 ΔΗΜΟΣΘΕΝΗΣ
967 2399 1197 2462 ΕΠΙΒΩΜΙΟΣ.
1223 2401 1277 2460 Dr.
1300 2401 1404 2460 Mead.

306 2493 423 2554 Bortou
442 2493 481 2552 ad
496 2493 643 2552 Plutarch.
674 2493 724 2553 De
744 2505 839 2554 morte
853 2493 894 2554 D.
909 2505 940 2556 et
963 2513 1071 2573 genere
1095 2494 1195 2552 mortis
1220 2492 1362 2552 Strabol.
1374 2498 1404 2554 8.

310 2586 489 2645 Pausan'm
509 2586 599 2646 Attio.
620 2586 1075 2649 etConuthell.XV11.21.
1126 2576 1403 2665 Neplinumnm

309 2680 367 2741 Dr.
382 2680 556 2741 Heberden.
575 2680 632 2742 Dr.
647 2680 765 2741 Aslreor.
808 2679 1043 2741 Eratosthenes
1035 2700 1066 2739 ιιι
1087 2700 1160 2741 navo
1181 2677 1289 2739 annulo
1312 2678 1403 2737 refert

309 2792 377 2835 eum
390 2792 536 2833 venenum
556 2773 703 2845 habuitne,
724 2784 755 2833 et
775 2773 855 2832 hunc
875 2772 1013 2831 annulum
1033 2792 1087 2851 pro
1108 2771 1246 2833 brachiali
1266 2771 1400 2849 gessisse.

309 2864 386 2926 Plin.
401 2865 499 2927 XXX.
515 2870 542 2926 1.
584 2866 645 2926 Alii
657 2866 713 2927 eub
728 2864 850 2943 &usmis
864 2883 978 2925 venena
991 2864 1120 2935 cludunt,
1134 2865 1210 2923 sicut
1222 2862 1310 2925 Dem.
1324 2884 1401 2933 rums

305 2976 373 3020 mua
409 2957 534 3015 Groecioe
570 2967 677 3027 orator,
714 2956 872 3033 anulosque
903 2956 1001 3015 mortis
1036 2956 1131 3035 gratie
1161 2956 1281 3017 habent.
1323 2955 1400 3015 Pliu.

306 3048 499 3109 xxxrnn.
521 3048 690 3107 Pausania
705 3049 770 3108 aa
789 3066 818 3125 p.
832 3052 878 3107 ιι.
919 3046 1400 3126 Vincent.Be110vsc.spec.Nar.
1501 3029 1512 3054 ⁸

307 3138 328 3196 1.
342 3142 373 3203 7.
395 3138 477 3198 Obiit
490 3143 537 3201 16.
551 3138 657 3197 mensis
672 3139 892 3217 Pyanepsionis.
921 3140 995 3200 Plut
1010 3141 1040 3199 in
1061 3150 1182 3218 utraque
1195 3141 1262 3201 vita.
1284 3140 1399 3201 Meum.

298 3228 391 3300 ,Lect
405 3232 466 3289 Att.
476 3230 532 3291 IV.
546 3234 594 3293 21.
627 3230 741 3292 Corsin.
754 3231 786 3291 F.
800 3234 841 3291 A.
856 3232 893 3291 T.
908 3232 932 3291 1.
943 3254 973 3312 p.
989 3238 1054 3294 108.
1087 3232 1170 3293 Obiit
1183 3232 1230 3292 die
1243 3236 1291 3297 17.
1305 3232 1399 3293 Octo·

305 3322 374 3393 bris,
385 3342 472 3401 quem
485 3322 562 3382 diem
574 3323 691 3384 Cereris
703 3324 794 3385 sacris
808 3324 999 3385 tristissimum
1012 3336 1133 3403 agentes
1143 3325 1270 3383 foeminoe
1282 3324 1312 3385 in
1325 3336 1399 3384 tem-

304 3416 355 3496 plo
370 3416 446 3477 Deae
462 3418 608 3495 jejunant.
650 3417 779 3496 Contigit
794 3418 850 3479 hoc
864 3422 934 3479 280.
954 3418 1041 3477 aunis
1055 3430 1124 3479 ante
1143 3436 1296 3479 excessum
1310 3418 1398 3479 cice-

295 3508 391 3581 ronis.
432 3508 507 3586 Ejus
520 3508 648 3569 tumulus
662 3510 806 3571 Calauriee
828 3512 858 3570 in
879 3512 948 3572 fano
970 3511 1112 3591 Neptuni.
1154 3512 1279 3571 Pauran.
1301 3532 1329 3591 p.
1347 3517 1397 3572 13.

303 3604 419 3663 erata.
449 3600 631 3661 Stmbolmss
672 3603 759 3665 Circe
780 3603 1015 3710 Peloponnesum
1037 3605 1125 3665 etiam
1146 3624 1226 3665 nunc
1250 3604 1278 3663 iu
1294 3604 1397 3681 AEgaso

303 3686 447 3753 Pbthiuea
469 3703 500 3754 et
513 3693 619 3773 AEgine
633 3694 812 3773 Epidaurico
831 3695 907 3755 litori
930 3696 1071 3775 proxima,
1087 3696 1242 3755 Troeneuia
1260 3695 1398 3755 Calauria

299 3787 377 3847 mter
386 3786 530 3866 ignobiles
543 3786 616 3847 aliae
629 3788 690 3849 leto
702 3788 789 3848 Dern
803 3789 916 3849 nobilis.
937 3790 1079 3869 Pompon.
1094 3780 1178 3849 Mela
1192 3788 1277 3853 117.

301 3880 420 3941 domum
445 3888 585 3939 uternam
613 3879 693 3949 adiit,
720 3892 896 3943 testamento
924 3881 1040 3961 reliquit
1066 3881 1242 3959 Archippum
1269 3898 1395 3961 errorem

299 3992 385 4033 servo
399 3970 566 4033 Phormioni
579 3990 646 4031 cum
663 3972 806 4033 libertate.
848 3973 974 4052 Thyrius
987 3975 1063 4052 apud
1077 3974 1209 4035 Gronov.
1230 3971 1351 4049 Antiqq.
1363 3990 1394 4049 p.

300 4070 388 4131 1870.
420 4062 580 4145 [Thysium
602 4065 668 4123 baec
689 4066 861 4143 scripsisse,¹
874 4066 900 4125 si
922 4065 960 4125 de
983 4066 1185 4127 Demosthene
1206 4064 1332 4144 scripsit,
1353 4063 1395 4121 nil

298 4161 401 4228 miron
422 4158 581 4238 Taylorum
596 4170 693 4217 autem
708 4158 796 4216 etiam
818 4168 907 4235 atque
928 4158 1015 4219 etiam
1034 4160 1132 4229 miror,
1151 4158 1211 4217 eive
1229 4157 1310 4235 quod
1331 4166 1393 4215 tam

297 4253 388 4313 atulta
399 4254 566 4312 commenta
578 4250 668 4328 digna
687 4249 831 4321 babuerit,
854 4268 920 4328 quoe
939 4249 1067 4323 iteraret,
1091 4252 1151 4312 sire
1170 4250 1251 4329 quod
1270 4259 1394 4327 prseter-

298 4341 408 4401 miserit
426 4352 528 4402 notare
548 4352 637 4420 arque
657 4340 815 4417 corrigere,
837 4340 861 4399 si
882 4341 953 4400 tanti
974 4354 1036 4403 eret
1055 4354 1116 4402 tam
1137 4342 1278 4403 absurdae
1298 4358 1393 4418 nugas

297 4450 467 4509 recoquere.
509 4432 578 4491 Non
592 4430 819 4502 Demosthenes,
838 4432 891 4492 sed
913 4432 1008 4505 Pario,
1025 4434 1200 4514 Apollodori
1224 4444 1317 4512 pater,
1334 4432 1395 4490 Ar·

292 4521 434 4605 ,chippam
445 4523 612 4585 Phormioni
626 4522 745 4603 legavit,
755 4524 793 4584 de
804 4544 862 4605 quo
877 4526 947 4587 setis
961 4546 1103 4609 superque
1117 4536 1234 4607 constat
1247 4544 1265 4589 e
1280 4524 1394 4589 Deme·
