3150 5125
413 386 460 455 ru
485 344 600 457 usmss
624 386 786 457 cunm.
811 387 1006 457 ossuum
1236 390 1258 455 s

151 547 267 610 deinde
281 542 350 610 illud
362 550 391 609 in
403 550 647 630 disceptationem
661 548 826 630 cadit,'quo
840 547 945 610 ordine
959 550 1009 609 us
1019 547 1176 609 videantur
1188 564 1258 607 ora-

99 654 100 659 ’
151 640 252 701 tiones
267 642 356 703 dictae
370 662 442 703 esse.
484 644 525 705 Ut
538 644 576 703 tle
590 642 650 715 illo,
671 644 753 721 quod
767 645 862 725 primo
875 644 942 703 loco
954 642 1116 721 posuimus,
1130 640 1256 700 dissera·
1311 713 1321 730 .

152 751 230 807 mus,
247 745 318 795 sunt
339 739 400 815 qui,
418 744 566 814 praeeu'ote
585 736 751 797 Philochor.
773 737 793 795 l.
811 738 832 799 l.
847 745 988 807 statuant,
1003 745 1049 794 ter
1066 735 1190 813 legatos,
1205 752 1258 792 ne·

152 827 295 887 cessitate
318 838 449 907 urgente,
473 830 513 887 ah
538 828 690 907 Olynthiis
709 830 841 889 Athenas
863 849 936 891 esse.
951 828 1064 905 missos,
1087 828 1187 903 itaque
1212 833 1259 883 ter

34 912 37 919 '
152 918 237 995 apud
259 920 340 979 cives
364 922 521 1071 Oratpgem
544 923 647 999 egisse.
667 922 786 981 Jacobs.
802 939 834 999 p.
848 926 918 982 215.
932 941 1014 1001 seqq.
1047 924 1089 980 m
1107 919 1175 998 qnia
1197 936 1258 977 non
1342 980 1372 991 .,

154 1009 289 1081 miretur,
304 1012 391 1089 hujus
409 1033 461 1085 rc,
477 1034 536 1091 qua
556 1015 632 1073 bene
647 1015 690 1073 uti
706 1015 852 1091 potuisset
865 1016 975 1075 Orator
989 1013 1027 1074 sd
1048 1012 1199 1092 segnitiem
1215 1009 1258 1069 ci·

153 1102 237 1161 rium
250 1104 454 1183 instigandam,
467 1105 575 1166 nullam
588 1106 676 1167 inseri
688 1106 890 1166 mentionemi
915 1109 1024 1184 Neque
1037 1108 1125 1166 etiam
1139 1105 1198 1164 alio
1212 1104 1259 1162 lo·

154 1212 205 1268 co,
221 1207 365 1275 qnantum
380 1199 452 1278 scio,
473 1198 597 1277 triplicis
614 1188 769 1276 legationis
783 1200 922 1260 memoria
936 1210 1042 1259 exstat.
1064 1258 1067 1261 ,
1085 1199 1166 1259 Idem
1185 1194 1257 1257 Plri-
1306 1228 1313 1241 =

153 1287 274 1348 lochon
297 1299 404 1361 narrat,
427 1280 620 1351 Alhenienses
645 1303 691 1353 ter
714 1293 825 1353 misisse
847 1291 994 1370 praesidia,
1014 1310 1137 1369 quorum
1157 1286 1258 1368 primis

155 1378 282 1452 Chares,
303 1383 403 1441 alteris
426 1381 630 1456 Charidemus,
654 1384 747 1445 tertiis
770 1385 849 1443 idem
878 1374 928 1442 ille
949 1384 1062 1443 Chares
1083 1380 1260 1462 prefuisset,

157 1488 250 1548 quem
265 1490 360 1551 nuper
378 1494 424 1534 res
438 1475 564 1552 pessime
585 1486 733 1558 gerentem
752 1476 867 1555 experti
886 1485 987 1546 erant;
1008 1486 1176 1553 quanquam
1195 1473 1261 1551 ipse

29 1610 30 1613 ,
158 1561 305 1624 Libani'us
319 1564 348 1623 iu
364 1566 486 1643 Argum.
502 1566 624 1644 Olynth.
637 1568 697 1626 ΙΙΙ.
707 1569 774 1643 (ΙΙ.)
788 1568 882 1629 dicit:
903 1567 1037 1647 ἔπεμψαν
1049 1567 1188 1642 βοήθειαν
1200 1570 1261 1630 τοῖς

156 1652 326 1722 Ὀλυνθίοις
339 1658 366 1714 ol
379 1658 525 1728 Ἀθηναῖοι
538 1664 584 1715 καί
598 1683 624 1716 τι
646 1650 798 1737 roropomv
818 1659 916 1731 ’ἔδοξαν
935 1659 969 1717 δι’
989 1664 1088 1731 αὐτῆς,
1110 1668 1207 1717 tamen
1229 1655 1259 1712 ln

156 1742 224 1821 ipsa
245 1746 375 1805 oratione
396 1766 430 1805 ea
445 1766 489 1806 me
504 1748 601 1809 adhuc
617 1750 717 1821 latent,
732 1750 842 1828 quibus
856 1752 913 1809 ista
926 1750 1070 1810 sententia
1084 1739 1258 1807 stabiliatur.
1357 1746 1368 1755 ”

157 1837 267 1903 Qnidt
288 1836 368 1914 quod
392 1841 477 1899 Deru.
501 1839 531 1898 d.
551 1839 618 1899 lala.
640 1841 698 1920 leg.
719 1845 795 1914 §.nest
815 1841 907 1901 dicit:
928 1846 1038 1920 μνρίοΙς
1053 1840 1087 1900 δὲ
1105 1844 1192 1912 ξένοις
1214 1838 1262 1894 rai

155 1932 283 2006 τριήρεσι
294 1924 465 2000 ιιενιήκοντιι
478 1932 556 2009 ὑμῶν
568 1930 776 2005 βοηθησάντων
790 1925 887 1999 adroic
901 1936 945 1994 rol
958 1931 999 1988 ἔτι
1012 1942 1067 1991 τῶν
1081 1936 1206 1989 πολιτῶν
1215 1952 1261 1987 re.

156 2026 380 2099 τροκιοχιλίοις,
405 2020 486 2095 οὐδὲν
507 2025 609 2088 αὐτοὺς
628 2025 732 2081 τούτων
748 2022 872 2092 ἠδυνήθη
893 2032 999 2089 edoce}
1022 2019 1075 2078 sed
1095 2020 1134 2079 dc
1147 2018 1263 2077 auxiliis

158 2109 263 2169 denno
281 2110 375 2170 missis
400 2112 481 2171 nulla
498 2111 535 2171 tlt
557 2114 678 2182 mentio,
698 2112 784 2189 cujus
800 2112 867 2189 quis
880 2120 968 2189 neget
982 2112 1032 2170 hic
1045 2108 1262 2187 opportunissi-

159 2219 245 2261 mum
261 2202 350 2261 luisse
364 2204 490 2263 locumt
530 2203 657 2263 Omnino
670 2204 742 2282 ipsae
751 2204 803 2286 ¹hus
817 2198 964 2264 orationes
975 2221 1037 2262 non
1048 2202 1091 2267 ita
1102 2210 1171 2261 sunt
1184 2218 1265 2260 coms

161 2302 289 2371 paratoe,
301 2302 334 2351 ut
347 2310 405 2352 uua
419 2293 542 2353 itteram
557 2294 692 2373 excipere
707 2303 737 2353 et
750 2312 807 2355 una
820 2314 856 2354 ex
870 2294 960 2353 altera
973 2292 1110 2372 promota
1121 2291 1263 2361 ridoetar,

164 2404 269 2447 verum
284 2403 338 2445 sno
348 2385 460 2463 quasis
475 2386 565 2447 modo
579 2387 690 2445 animos
704 2404 740 2445 eo
753 2386 901 2447 deducere
914 2385 1015 2459 debet,
1026 2393 1060 2444 ut
1072 2402 1160 2463 quam
1170 2382 1263 2443 coler-

164 2476 245 2537 riaoe
266 2493 352 2556 opem
368 2478 446 2536 cives
460 2474 573 2546 ierant:
595 2478 647 2537 sed
663 2498 723 2556 quo
736 2478 862 2540 ordinet
883 2480 939 2538 hoc
954 2478 1049 2556 ipsum
1070 2485 1126 2548 est,
1147 2477 1265 2555 dequo
1381 2533 1383 2544 ,

165 2568 270 2628 adhuc
284 2587 377 2646 pauca
393 2568 501 2628 dicturi
516 2586 625 2628 somus.
647 2569 791 2642 Vidimus,
800 2571 877 2630 hanc
889 2587 954 2631 esse
967 2571 1080 2629 illarum
1094 2568 1262 2630 orationum

166 2659 312 2733 indolem,
326 2671 369 2733 ut,
379 2679 446 2740 quas
458 2661 496 2721 sit
508 2662 612 2740 primo,
628 2681 696 2740 quae
708 2663 848 2734 secundo,
859 2681 927 2741 quac
938 2661 1105 2722 tertioloco
1115 2657 1265 2738 ponenda,
1346 2675 1365 2737 g

166 2769 204 2810 ex
218 2753 293 2832 ipsis
306 2755 352 2812 vir
366 2753 471 2832 dispici
486 2749 590 2832 possit.
632 2757 732 2824 Quare
746 2756 818 2835 quid
829 2755 976 2832 reliquum
991 2763 1051 2825 est,
1064 2771 1153 2832 quam
1167 2760 1200 2811 ut
1218 2769 1265 2810 ra-

163 2847 279 2905 tionem
293 2849 439 2925 uolgatam
455 2848 631 2926 sequamuri
671 2850 764 2927 htqui
785 2849 824 2910 ab
843 2849 899 2908 hac
912 2847 1050 2907 dissentit
1062 2844 1189 2922 Dionys.
1201 2845 1266 2901 lla·

163 2937 219 2995 lic.
234 2937 263 2995 in
277 2954 326 3016 ep.
340 2937 379 2997 ad
395 2942 491 2998 darm.
506 2959 534 2997 ο.
549 2947 579 2998 4.
595 2939 682 2999 Tom.
698 2941 752 3002 vl.
771 2945 844 3004 725.
868 2940 917 3010 ll„
938 2939 988 3021 qni
1012 2934 1173 2996 mundana
1192 2933 1267 2992 facit

147 3027 307 3105 ¹primam,
321 3029 437 3088 tertiam
462 3030 631 3102 secundam,
650 3041 682 3091 et
702 3032 826 3109 primam
844 3031 980 3091 tertiatur
1000 3043 1098 3101 neque
1112 3025 1151 3082 dc
1164 3023 1223 3085 dde
1233 3034 1266 3083 et

166 3120 347 3180 auctoritate
375 3119 463 3196 hujus
491 3123 640 3198 scriptoris
666 3123 859 3200 derogaverit,
883 3117 935 3194 qui
957 3115 1136 3193 perpendat,
1160 3105 1264 3176 eodem

166 3212 248 3271 duce
271 3211 617 3288 Philippicatnprimam,
641 3233 708 3289 quse
729 3213 817 3286 νιιΙεο
838 3217 907 3286 post
927 3206 1121 3284 olynthi-ess
1136 3209 1267 3285 ponitur,

170 3309 242 3362 ante
263 3303 317 3361 has
340 3303 496 3362 collocari:
514 3315 586 3381 'quos
605 3303 727 3380 quidem
744 3321 792 3360 rer
813 3292 843 3359 et
859 3302 926 3378 ipsa
946 3294 1080 3359 oratione
1093 3311 1125 3359 et
1145 3301 1266 3362 historia

170 3393 392 3473 comprobatur.
432 3393 496 3454 Jam
521 3393 624 3470 quidni
649 3392 813 3462 credamus,
829 3391 912 3448 illum
933 3391 1020 3449 etiem
1042 3391 1103 3449 haa'
1118 3392 1266 3453 oradonea
1384 3434 1388 3445 .

172 3496 255 3548 recte
267 3484 470 3564 disposuisset
512 3485 666 3544 Consentit
679 3485 859 3544 Tourrellus.
884 3483 901 3516 ¹
914 3482 931 3516 ‘
945 3483 962 3516 ⁵
982 3483 1099 3544 Possint
1113 3503 1182 3544 sanc
1198 3507 1266 3546 vera
1365 3499 1368 3504 ·

172 3579 276 3652 videri,
289 3597 357 3658 quae
372 3577 516 3637 Lucclaes.
525 3577 611 3637 affert
619 3578 656 3637 ad
669 3579 815 3655 vulgatam
828 3576 931 3643 harum
940 3584 1026 3634 oratt.
1038 3576 1266 3652 collocationem
1390 3617 1395 3638 ι

172 3670 390 3732 defendendam
404 3693 413 3742 ς
435 3671 504 3728 at'si
519 3671 629 3728 Noster
642 3670 723 3727 omni
735 3667 854 3728 dicendi
869 3669 939 3726 siet
952 3675 1185 3746 argumentorum
1200 3690 1266 3747 gra-

173 3765 264 3822 vitate
279 3782 349 3822 usus
362 3771 439 3822 esset
452 3762 482 3821 io
496 3761 629 3822 oratione
640 3761 742 3839 prima,
756 3781 829 3820 num
842 3779 962 3838 sperare
974 3761 1081 3836 potuit,
1097 3758 1168 3834 iore,
1184 3771 1226 3832 ut,
1242 3761 1266 3820 si

172 3856 206 3916 in
227 3856 357 3915 secunda
376 3862 407 3914 et
428 3854 513 3914 tertia
534 3854 629 3914 minus
649 3853 757 3912 acriter
776 3851 953 3933 disputaret,
972 3852 1070 3930 animi,
1086 3871 1147 3930 quo
1169 3851 1266 3925 vellet,

173 3946 424 4026 perducerenturl
445 3944 592 4024 hincjure
606 3945 721 4005 videtur
735 3945 800 4006 haec
820 3945 918 4005 oratio
933 3956 1115 4024 postremum
1134 3942 1268 4003 obtinere

175 4040 285 4106 locum,
320 4041 435 4100 'lamet
455 4040 485 4098 in
507 4039 561 4098 hac
582 4046 613 4097 et
633 4037 662 4096 in
682 4055 727 4107 ea,
743 4055 830 4115 quam
843 4026 980 4116 ⁸Dionys.
1002 4033 1159 4096 secundam
1185 4034 1267 4108 facit,

176 4132 298 4192 disserit
305 4132 342 4192 de
357 4133 482 4212 pecunia
494 4131 628 4191 theatrali
643 4130 672 4190 in
687 4149 771 4190 usum
795 4127 947 4189 militarem
967 4124 1145 4196 adhibenda,
1167 4125 1219 4199 ita,
1235 4134 1269 4185 ut
1284 4189 1288 4194 ,

178 4224 302 4303 Olynth.
315 4225 372 4284 ΙΙΙ.
386 4224 452 4300 (ΙΙ.)
466 4231 489 4300 5.
504 4229 528 4284 ἐ.
543 4223 642 4284 dicat:
662 4227 704 4302 psl
723 4222 895 4302 dnupdon'rr,
917 4224 955 4282 ἂν
976 4219 1133 4300 παράδοξον
1153 4218 1222 4278 elno
1241 4244 1268 4279 re

177 4323 237 4383 τοῖς
249 4315 547 4396 πολλοῖς,”νομοθέτας
562 4311 724 4377 rehtma.
738 4315 862 4395 Olymh.
875 4315 900 4374 l.
913 4313 997 4390 (Ill.)
1006 4317 1032 4384 ξ.
1040 4313 1068 4379 ἡ.
1080 4307 1194 4381 ridetur
1203 4331 1268 4372 eam

178 4406 270 4486 ipsam
287 4428 347 4467 rem
356 4408 420 4484 jhm
433 4408 664 4486 tetigisse-quod
680 4418 802 4486 apparet
816 4427 852 4466 ex
866 4405 912 4464 his
927 4403 1042 4463 verbis:
1065 4402 1093 4461 ri
1105 4399 1165 4476 οὖν,
1175 4405 1212 4464 dr
1226 4428 1270 4472 τις

181 4499 264 4568 sinor,
280 4499 314 4557 cti
328 4501 442 4580 γράφεις
458 4504 533 4560 ταῦτ’
547 4496 617 4559 εἶναι
632 4500 832 4577 orpursmruto'3
855 4493 944 4577 Quod
960 4493 983 4552 sl
1003 4501 1059 4566 est,
1072 4513 1160 4574 quam
1180 4493 1269 4576 vulgo
1348 4511 1355 4517 “

224 4617 297 4662 vot..
313 4622 335 4660 1.
695 4605 744 4659 3ο
