<?xml version="1.0" encoding="UTF-8"?>
<!DOCTYPE html PUBLIC "-//W3C//DTD XHTML 1.0 Transitional//EN"
    "http://www.w3.org/TR/xhtml1/DTD/xhtml1-transitional.dtd">
<html xmlns="http://www.w3.org/1999/xhtml" xml:lang="en" lang="en">
 <head>
  <title>
</title>
<meta http-equiv="Content-Type" content="text/html;charset=utf-8" />
  <meta name='ocr-system' content='tesseract 3.04.00' />
  <meta name='ocr-capabilities' content='ocr_page ocr_carea ocr_par ocr_line ocrx_word'/>
</head>
<body>
  <div class='ocr_page' id='page_1' title='image "./demosthenisetsc01dupogoog_0038.png"; bbox 0 0 3150 5125; ppageno 0'>
   <div class='ocr_carea' id='block_1_1' title="bbox 300 398 1125 473">
    <p class='ocr_par' dir='ltr' id='par_1_1' title="bbox 300 398 1125 473">
     <span class='ocr_line' id='line_1_1' title="bbox 300 398 1125 473; baseline 0.012 -14"><span class='ocrx_word' id='word_1_1' title='bbox 300 398 411 459; x_wconf 70' lang='lat' dir='ltr'><strong>xxxviii</strong></span> <span class='ocrx_word' id='word_1_2' title='bbox 493 462 497 473; x_wconf 61' lang='grc'>,</span> <span class='ocrx_word' id='word_1_3' title='bbox 627 401 880 463; x_wconf 76' lang='lat' dir='ltr'><strong>Htttaottttss</strong></span> <span class='ocrx_word' id='word_1_4' title='bbox 901 399 1055 468; x_wconf 74' lang='lat' dir='ltr'>WOLFU</span> <span class='ocrx_word' id='word_1_5' title='bbox 1122 403 1125 409; x_wconf 78' lang='grc'>’</span> 
     </span>
    </p>
   </div>
   <div class='ocr_carea' id='block_1_2' title="bbox 289 552 1475 4601">
    <p class='ocr_par' dir='ltr' id='par_1_2' title="bbox 289 552 1475 4601">
     <span class='ocr_line' id='line_1_2' title="bbox 300 552 1394 635; baseline -0.001 -20"><span class='ocrx_word' id='word_1_6' title='bbox 300 552 373 615; x_wconf 75' lang='lat' dir='ltr'><strong>virili</strong></span> <span class='ocrx_word' id='word_1_7' title='bbox 392 552 608 615; x_wconf 87' lang='lat' dir='ltr'><strong>elaborandum.</strong></span> <span class='ocrx_word' id='word_1_8' title='bbox 650 556 685 615; x_wconf 93' lang='lat' dir='ltr'><strong>ld</strong></span> <span class='ocrx_word' id='word_1_9' title='bbox 699 557 780 635; x_wconf 91' lang='lat' dir='ltr'><strong>quud</strong></span> <span class='ocrx_word' id='word_1_10' title='bbox 792 552 822 615; x_wconf 88' lang='lat' dir='ltr'><strong>in</strong></span> <span class='ocrx_word' id='word_1_11' title='bbox 835 556 914 616; x_wconf 82' lang='lat' dir='ltr'><strong>lrrmc</strong></span> <span class='ocrx_word' id='word_1_12' title='bbox 934 574 1027 634; x_wconf 85' lang='lat' dir='ltr'><strong>usque</strong></span> <span class='ocrx_word' id='word_1_13' title='bbox 1042 552 1122 615; x_wconf 85' lang='lat' dir='ltr'><strong>diem</strong></span> <span class='ocrx_word' id='word_1_14' title='bbox 1140 552 1240 614; x_wconf 73' lang='lat' dir='ltr'><strong>uoere</strong></span> <span class='ocrx_word' id='word_1_15' title='bbox 1259 567 1320 611; x_wconf 82' lang='lat' dir='ltr'><strong>nors</strong></span> <span class='ocrx_word' id='word_1_16' title='bbox 1338 553 1394 614; x_wconf 77' lang='lat' dir='ltr'><strong>ds-</strong></span> 
     </span>
     <span class='ocr_line' id='line_1_3' title="bbox 301 643 1395 729; baseline -0.003 -22"><span class='ocrx_word' id='word_1_17' title='bbox 301 646 381 716; x_wconf 87' lang='lat' dir='ltr'><strong>sisto,</strong></span> <span class='ocrx_word' id='word_1_18' title='bbox 391 650 500 725; x_wconf 85' lang='lat' dir='ltr'><strong>majore</strong></span> <span class='ocrx_word' id='word_1_19' title='bbox 513 648 630 707; x_wconf 88' lang='lat' dir='ltr'><strong>omniuo</strong></span> <span class='ocrx_word' id='word_1_20' title='bbox 643 650 842 721; x_wconf 75' lang='lat' dir='ltr'><strong>contentione,</strong></span> <span class='ocrx_word' id='word_1_21' title='bbox 856 649 892 729; x_wconf 84' lang='lat' dir='ltr'><strong>(si</strong></span> <span class='ocrx_word' id='word_1_22' title='bbox 904 648 977 727; x_wconf 91' lang='lat' dir='ltr'><strong>quid</strong></span> <span class='ocrx_word' id='word_1_23' title='bbox 986 647 1148 709; x_wconf 83' lang='lat' dir='ltr'><strong>amicorum</strong></span> <span class='ocrx_word' id='word_1_24' title='bbox 1160 643 1395 725; x_wconf 73' lang='lat' dir='ltr'><strong>reprehensioni-</strong></span> 
     </span>
     <span class='ocr_line' id='line_1_4' title="bbox 302 737 1392 820; baseline 0.001 -21"><span class='ocrx_word' id='word_1_25' title='bbox 302 739 355 799; x_wconf 87' lang='lat' dir='ltr'><strong>bus</strong></span> <span class='ocrx_word' id='word_1_26' title='bbox 376 738 553 799; x_wconf 76' lang='lat' dir='ltr'><strong>credendum</strong></span> <span class='ocrx_word' id='word_1_27' title='bbox 571 740 630 815; x_wconf 83' lang='lat' dir='ltr'><strong>est)</strong></span> <span class='ocrx_word' id='word_1_28' title='bbox 642 760 729 820; x_wconf 84' lang='lat' dir='ltr'><strong>quam</strong></span> <span class='ocrx_word' id='word_1_29' title='bbox 741 741 819 801; x_wconf 85' lang='lat' dir='ltr'><strong>vires</strong></span> <span class='ocrx_word' id='word_1_30' title='bbox 837 759 874 800; x_wconf 88' lang='lat' dir='ltr'><strong>ac</strong></span> <span class='ocrx_word' id='word_1_31' title='bbox 888 739 1026 800; x_wconf 84' lang='lat' dir='ltr'><strong>valetudo</strong></span> <span class='ocrx_word' id='word_1_32' title='bbox 1038 738 1287 818; x_wconf 51' lang='lat' dir='ltr'><strong>meapatimtur„</strong></span> <span class='ocrx_word' id='word_1_33' title='bbox 1315 737 1392 800; x_wconf 77' lang='lat' dir='ltr'><strong>Cum</strong></span> 
     </span>
     <span class='ocr_line' id='line_1_5' title="bbox 301 829 1394 914; baseline 0.001 -23"><span class='ocrx_word' id='word_1_34' title='bbox 301 831 377 891; x_wconf 78' lang='lat' dir='ltr'><strong>mim</strong></span> <span class='ocrx_word' id='word_1_35' title='bbox 396 832 522 893; x_wconf 87' lang='lat' dir='ltr'><strong>docendi</strong></span> <span class='ocrx_word' id='word_1_36' title='bbox 543 833 690 912; x_wconf 83' lang='lat' dir='ltr'><strong>provincia</strong></span> <span class='ocrx_word' id='word_1_37' title='bbox 712 854 759 893; x_wconf 88' lang='lat' dir='ltr'><strong>me</strong></span> <span class='ocrx_word' id='word_1_38' title='bbox 779 834 847 914; x_wconf 89' lang='lat' dir='ltr'><strong>plus</strong></span> <span class='ocrx_word' id='word_1_39' title='bbox 868 833 940 895; x_wconf 82' lang='lat' dir='ltr'><strong>satis</strong></span> <span class='ocrx_word' id='word_1_40' title='bbox 958 844 1109 902; x_wconf 73' lang='lat' dir='ltr'><strong>exerceat,</strong></span> <span class='ocrx_word' id='word_1_41' title='bbox 1130 830 1269 911; x_wconf 86' lang='lat' dir='ltr'><strong>quicquid</strong></span> <span class='ocrx_word' id='word_1_42' title='bbox 1288 829 1394 908; x_wconf 71' lang='lat' dir='ltr'><strong>reliqm</strong></span> 
     </span>
     <span class='ocr_line' id='line_1_6' title="bbox 300 921 1393 1005; baseline -0.005 -21"><span class='ocrx_word' id='word_1_43' title='bbox 300 924 438 1002; x_wconf 83' lang='lat' dir='ltr'><strong>temporis</strong></span> <span class='ocrx_word' id='word_1_44' title='bbox 450 924 545 996; x_wconf 88' lang='lat' dir='ltr'><strong>dstur,</strong></span> <span class='ocrx_word' id='word_1_45' title='bbox 559 925 590 983; x_wconf 91' lang='lat' dir='ltr'><strong>id</strong></span> <span class='ocrx_word' id='word_1_46' title='bbox 603 924 776 997; x_wconf 82' lang='lat' dir='ltr'><strong>universum,</strong></span> <span class='ocrx_word' id='word_1_47' title='bbox 790 946 869 1005; x_wconf 81' lang='lat' dir='ltr'><strong>steps</strong></span> <span class='ocrx_word' id='word_1_48' title='bbox 882 925 970 1004; x_wconf 77' lang='lat' dir='ltr'><strong>genio</strong></span> <span class='ocrx_word' id='word_1_49' title='bbox 983 924 1167 994; x_wconf 81' lang='lat' dir='ltr'><strong>defraudata,</strong></span> <span class='ocrx_word' id='word_1_50' title='bbox 1181 921 1318 1001; x_wconf 67' lang='lat' dir='ltr'><strong>legendo,</strong></span> <span class='ocrx_word' id='word_1_51' title='bbox 1331 939 1393 979; x_wconf 84' lang='lat' dir='ltr'><strong>me·</strong></span> 
     </span>
     <span class='ocr_line' id='line_1_7' title="bbox 301 1014 1392 1093; baseline -0.003 -18"><span class='ocrx_word' id='word_1_52' title='bbox 301 1014 433 1089; x_wconf 76' lang='lat' dir='ltr'><strong>dimndo,</strong></span> <span class='ocrx_word' id='word_1_53' title='bbox 452 1016 606 1077; x_wconf 86' lang='lat' dir='ltr'><strong>scribendo</strong></span> <span class='ocrx_word' id='word_1_54' title='bbox 627 1036 777 1079; x_wconf 85' lang='lat' dir='ltr'><strong>consumo.</strong></span> <span class='ocrx_word' id='word_1_55' title='bbox 817 1018 904 1085; x_wconf 80' lang='lat' dir='ltr'><strong>Quod</strong></span> <span class='ocrx_word' id='word_1_56' title='bbox 916 1037 968 1077; x_wconf 85' lang='lat' dir='ltr'><strong>cur</strong></span> <span class='ocrx_word' id='word_1_57' title='bbox 981 1017 1097 1088; x_wconf 81' lang='lat' dir='ltr'><strong>faciam,</strong></span> <span class='ocrx_word' id='word_1_58' title='bbox 1118 1016 1143 1074; x_wconf 92' lang='lat' dir='ltr'><strong>si</strong></span> <span class='ocrx_word' id='word_1_59' title='bbox 1156 1014 1222 1093; x_wconf 88' lang='lat' dir='ltr'><strong>quis</strong></span> <span class='ocrx_word' id='word_1_60' title='bbox 1234 1032 1283 1073; x_wconf 86' lang='lat' dir='ltr'><strong>me</strong></span> <span class='ocrx_word' id='word_1_61' title='bbox 1293 1024 1392 1090; x_wconf 76' lang='lat' dir='ltr'><strong>rugat,</strong></span> 
     </span>
     <span class='ocr_line' id='line_1_8' title="bbox 299 1106 1392 1189; baseline -0.001 -24"><span class='ocrx_word' id='word_1_62' title='bbox 299 1107 446 1167; x_wconf 78' lang='lat' dir='ltr'><strong>serissime</strong></span> <span class='ocrx_word' id='word_1_63' title='bbox 458 1109 632 1188; x_wconf 85' lang='lat' dir='ltr'><strong>respondeo,</strong></span> <span class='ocrx_word' id='word_1_64' title='bbox 645 1130 694 1170; x_wconf 91' lang='lat' dir='ltr'><strong>me</strong></span> <span class='ocrx_word' id='word_1_65' title='bbox 711 1109 775 1170; x_wconf 88' lang='lat' dir='ltr'><strong>sine</strong></span> <span class='ocrx_word' id='word_1_66' title='bbox 789 1126 895 1189; x_wconf 75' lang='lat' dir='ltr'><strong>magna</strong></span> <span class='ocrx_word' id='word_1_67' title='bbox 904 1109 991 1169; x_wconf 87' lang='lat' dir='ltr'><strong>animi</strong></span> <span class='ocrx_word' id='word_1_68' title='bbox 1001 1106 1297 1169; x_wconf 82' lang='lat' dir='ltr'><strong>molestianonsliter</strong></span> <span class='ocrx_word' id='word_1_69' title='bbox 1306 1124 1392 1183; x_wconf 82' lang='lat' dir='ltr'><strong>perse</strong></span> 
     </span>
     <span class='ocr_line' id='line_1_9' title="bbox 300 1199 1392 1281; baseline -0.004 -20"><span class='ocrx_word' id='word_1_70' title='bbox 300 1200 416 1261; x_wconf 70' lang='lat' dir='ltr'><strong>moes:</strong></span> <span class='ocrx_word' id='word_1_71' title='bbox 439 1201 500 1261; x_wconf 87' lang='lat' dir='ltr'><strong>sive</strong></span> <span class='ocrx_word' id='word_1_72' title='bbox 513 1202 580 1281; x_wconf 84' lang='lat' dir='ltr'><strong>quia</strong></span> <span class='ocrx_word' id='word_1_73' title='bbox 592 1201 636 1263; x_wconf 82' lang='lat' dir='ltr'><strong>sie</strong></span> <span class='ocrx_word' id='word_1_74' title='bbox 647 1202 770 1273; x_wconf 69' lang='lat' dir='ltr'><strong>assuevi</strong></span> <span class='ocrx_word' id='word_1_75' title='bbox 786 1212 818 1261; x_wconf 83' lang='lat' dir='ltr'><strong>et</strong></span> <span class='ocrx_word' id='word_1_76' title='bbox 836 1199 922 1262; x_wconf 80' lang='lat' dir='ltr'><strong>natus</strong></span> <span class='ocrx_word' id='word_1_77' title='bbox 941 1202 1068 1261; x_wconf 79' lang='lat' dir='ltr'><strong>iortmse</strong></span> <span class='ocrx_word' id='word_1_78' title='bbox 1086 1200 1127 1260; x_wconf 88' lang='lat' dir='ltr'><strong>sd</strong></span> <span class='ocrx_word' id='word_1_79' title='bbox 1144 1216 1290 1259; x_wconf 72' lang='lat' dir='ltr'><strong>mmmm</strong></span> <span class='ocrx_word' id='word_1_80' title='bbox 1307 1216 1392 1268; x_wconf 67' lang='lat' dir='ltr'><strong>sums</strong></span> 
     </span>
     <span class='ocr_line' id='line_1_10' title="bbox 299 1287 1390 1373; baseline -0.004 -20"><span class='ocrx_word' id='word_1_81' title='bbox 299 1292 359 1353; x_wconf 81' lang='lat' dir='ltr'><strong>eise</strong></span> <span class='ocrx_word' id='word_1_82' title='bbox 374 1294 453 1373; x_wconf 89' lang='lat' dir='ltr'><strong>quod</strong></span> <span class='ocrx_word' id='word_1_83' title='bbox 465 1298 510 1367; x_wconf 88' lang='lat' dir='ltr'><strong>(ut</strong></span> <span class='ocrx_word' id='word_1_84' title='bbox 523 1293 632 1353; x_wconf 76' lang='lat' dir='ltr'><strong>Plinius</strong></span> <span class='ocrx_word' id='word_1_85' title='bbox 645 1293 745 1354; x_wconf 84' lang='lat' dir='ltr'>dicere</span> <span class='ocrx_word' id='word_1_86' title='bbox 757 1294 883 1367; x_wconf 80' lang='lat' dir='ltr'><strong>solebat)</strong></span> <span class='ocrx_word' id='word_1_87' title='bbox 893 1313 981 1354; x_wconf 85' lang='lat' dir='ltr'><strong>omne</strong></span> <span class='ocrx_word' id='word_1_88' title='bbox 998 1304 1116 1373; x_wconf 88' lang='lat' dir='ltr'><strong>ternpus</strong></span> <span class='ocrx_word' id='word_1_89' title='bbox 1133 1289 1226 1371; x_wconf 81' lang='lat' dir='ltr'><strong>perire</strong></span> <span class='ocrx_word' id='word_1_90' title='bbox 1247 1287 1390 1360; x_wconf 63' lang='lat' dir='ltr'><strong>en‘ntimss</strong></span> 
     </span>
     <span class='ocr_line' id='line_1_11' title="bbox 298 1379 1391 1464; baseline -0.001 -22"><span class='ocrx_word' id='word_1_91' title='bbox 298 1384 379 1462; x_wconf 84' lang='lat' dir='ltr'><strong>qnod</strong></span> <span class='ocrx_word' id='word_1_92' title='bbox 391 1384 493 1445; x_wconf 88' lang='lat' dir='ltr'><strong>studiis</strong></span> <span class='ocrx_word' id='word_1_93' title='bbox 505 1404 565 1445; x_wconf 88' lang='lat' dir='ltr'><strong>non</strong></span> <span class='ocrx_word' id='word_1_94' title='bbox 574 1384 770 1464; x_wconf 75' lang='lat' dir='ltr'><strong>impendetur.</strong></span> <span class='ocrx_word' id='word_1_95' title='bbox 804 1387 853 1445; x_wconf 81' lang='lat' dir='ltr'><strong>Ac</strong></span> <span class='ocrx_word' id='word_1_96' title='bbox 864 1386 1023 1464; x_wconf 89' lang='lat' dir='ltr'><strong>potuissem</strong></span> <span class='ocrx_word' id='word_1_97' title='bbox 1035 1384 1165 1463; x_wconf 79' lang='lat' dir='ltr'><strong>quidem,</strong></span> <span class='ocrx_word' id='word_1_98' title='bbox 1175 1393 1216 1442; x_wconf 81' lang='lat' dir='ltr'><strong>-et</strong></span> <span class='ocrx_word' id='word_1_99' title='bbox 1227 1381 1306 1441; x_wconf 78' lang='lat' dir='ltr'><strong>baud</strong></span> <span class='ocrx_word' id='word_1_100' title='bbox 1318 1379 1391 1450; x_wconf 81' lang='lat' dir='ltr'><strong>scie,</strong></span> 
     </span>
     <span class='ocr_line' id='line_1_12' title="bbox 299 1476 1390 1552; baseline -0.002 -17"><span class='ocrx_word' id='word_1_101' title='bbox 299 1476 514 1537; x_wconf 70' lang='lat' dir='ltr'><strong>redebuissent</strong></span> <span class='ocrx_word' id='word_1_102' title='bbox 534 1477 632 1547; x_wconf 84' lang='lat' dir='ltr'><strong>etiam,</strong></span> <span class='ocrx_word' id='word_1_103' title='bbox 653 1477 728 1537; x_wconf 80' lang='lat' dir='ltr'><strong>barac</strong></span> <span class='ocrx_word' id='word_1_104' title='bbox 750 1476 934 1540; x_wconf 68' lang='lat' dir='ltr'><strong>sedulitatem</strong></span> <span class='ocrx_word' id='word_1_105' title='bbox 953 1476 984 1534; x_wconf 92' lang='lat' dir='ltr'><strong>in</strong></span> <span class='ocrx_word' id='word_1_106' title='bbox 1004 1476 1063 1537; x_wconf 80' lang='lat' dir='ltr'><strong>alio</strong></span> <span class='ocrx_word' id='word_1_107' title='bbox 1080 1476 1148 1535; x_wconf 64' lang='lat' dir='ltr'><strong>aim</strong></span> <span class='ocrx_word' id='word_1_108' title='bbox 1160 1490 1390 1552; x_wconf 75' lang='lat' dir='ltr'><strong>gunereeomu·</strong></span> 
     </span>
     <span class='ocr_line' id='line_1_13' title="bbox 298 1564 1389 1649; baseline -0.009 -16"><span class='ocrx_word' id='word_1_109' title='bbox 298 1586 389 1639; x_wconf 70' lang='lat' dir='ltr'><strong>mre,</strong></span> <span class='ocrx_word' id='word_1_110' title='bbox 401 1570 480 1647; x_wconf 87' lang='lat' dir='ltr'><strong>quod</strong></span> <span class='ocrx_word' id='word_1_111' title='bbox 494 1570 559 1649; x_wconf 86' lang='lat' dir='ltr'><strong>plus</strong></span> <span class='ocrx_word' id='word_1_112' title='bbox 578 1580 608 1629; x_wconf 89' lang='lat' dir='ltr'><strong>et</strong></span> <span class='ocrx_word' id='word_1_113' title='bbox 625 1568 736 1629; x_wconf 80' lang='lat' dir='ltr'><strong>fruetus</strong></span> <span class='ocrx_word' id='word_1_114' title='bbox 748 1568 881 1639; x_wconf 80' lang='lat' dir='ltr'><strong>baberet,</strong></span> <span class='ocrx_word' id='word_1_115' title='bbox 893 1578 926 1627; x_wconf 89' lang='lat' dir='ltr'><strong>et</strong></span> <span class='ocrx_word' id='word_1_116' title='bbox 937 1567 1096 1647; x_wconf 69' lang='lat' dir='ltr'><strong>dignitatis.</strong></span> <span class='ocrx_word' id='word_1_117' title='bbox 1137 1566 1200 1627; x_wconf 79' lang='lat' dir='ltr'><strong>ssd</strong></span> <span class='ocrx_word' id='word_1_118' title='bbox 1211 1564 1281 1644; x_wconf 79' lang='lat' dir='ltr'><strong>quia</strong></span> <span class='ocrx_word' id='word_1_119' title='bbox 1290 1581 1389 1623; x_wconf 76' lang='lat' dir='ltr'><strong>serm</strong></span> 
     </span>
     <span class='ocr_line' id='line_1_14' title="bbox 297 1654 1388 1739; baseline -0.002 -20"><span class='ocrx_word' id='word_1_120' title='bbox 297 1670 344 1719; x_wconf 84' lang='lat' dir='ltr'><strong>est</strong></span> <span class='ocrx_word' id='word_1_121' title='bbox 355 1672 424 1739; x_wconf 89' lang='lat' dir='ltr'><strong>post</strong></span> <span class='ocrx_word' id='word_1_122' title='bbox 436 1660 515 1720; x_wconf 81' lang='lat' dir='ltr'><strong>saeta</strong></span> <span class='ocrx_word' id='word_1_123' title='bbox 531 1660 693 1730; x_wconf 86' lang='lat' dir='ltr'><strong>consilium,</strong></span> <span class='ocrx_word' id='word_1_124' title='bbox 710 1660 856 1739; x_wconf 68' lang='lat' dir='ltr'><strong>Spartam,</strong></span> <span class='ocrx_word' id='word_1_125' title='bbox 865 1678 934 1739; x_wconf 75' lang='lat' dir='ltr'><strong>qum</strong></span> <span class='ocrx_word' id='word_1_126' title='bbox 946 1660 1016 1719; x_wconf 88' lang='lat' dir='ltr'><strong>milri</strong></span> <span class='ocrx_word' id='word_1_127' title='bbox 1031 1659 1144 1739; x_wconf 73' lang='lat' dir='ltr'><strong>obtigit,</strong></span> <span class='ocrx_word' id='word_1_128' title='bbox 1156 1677 1259 1719; x_wconf 81' lang='lat' dir='ltr'><strong>armare</strong></span> <span class='ocrx_word' id='word_1_129' title='bbox 1271 1654 1388 1718; x_wconf 75' lang='lat' dir='ltr'><strong>studea.</strong></span> 
     </span>
     <span class='ocr_line' id='line_1_15' title="bbox 299 1750 1389 1832; baseline 0.001 -24"><span class='ocrx_word' id='word_1_130' title='bbox 299 1751 390 1809; x_wconf 87' lang='lat' dir='ltr'><strong>Anno</strong></span> <span class='ocrx_word' id='word_1_131' title='bbox 401 1750 489 1828; x_wconf 83' lang='lat' dir='ltr'><strong>igitur</strong></span> <span class='ocrx_word' id='word_1_132' title='bbox 501 1751 647 1830; x_wconf 76' lang='lat' dir='ltr'><strong>superiore</strong></span> <span class='ocrx_word' id='word_1_133' title='bbox 658 1752 817 1812; x_wconf 88' lang='lat' dir='ltr'><strong>Isocratem</strong></span> <span class='ocrx_word' id='word_1_134' title='bbox 828 1754 858 1813; x_wconf 87' lang='lat' dir='ltr'><strong>in</strong></span> <span class='ocrx_word' id='word_1_135' title='bbox 867 1754 1015 1832; x_wconf 76' lang='lat' dir='ltr'><strong>publium</strong></span> <span class='ocrx_word' id='word_1_136' title='bbox 1027 1752 1106 1811; x_wconf 89' lang='lat' dir='ltr'><strong>edidi</strong></span> <span class='ocrx_word' id='word_1_137' title='bbox 1116 1770 1138 1813; x_wconf 88' lang='lat' dir='ltr'><strong>a</strong></span> <span class='ocrx_word' id='word_1_138' title='bbox 1145 1770 1195 1811; x_wconf 85' lang='lat' dir='ltr'><strong>me</strong></span> <span class='ocrx_word' id='word_1_139' title='bbox 1205 1769 1389 1822; x_wconf 84' lang='lat' dir='ltr'><strong>conversum,</strong></span> 
     </span>
     <span class='ocr_line' id='line_1_16' title="bbox 297 1842 1389 1923; baseline 0.002 -23"><span class='ocrx_word' id='word_1_140' title='bbox 297 1842 346 1920; x_wconf 90' lang='lat' dir='ltr'><strong>qui</strong></span> <span class='ocrx_word' id='word_1_141' title='bbox 357 1844 410 1901; x_wconf 86' lang='lat' dir='ltr'><strong>etsi</strong></span> <span class='ocrx_word' id='word_1_142' title='bbox 420 1854 539 1923; x_wconf 86' lang='lat' dir='ltr'><strong>propter</strong></span> <span class='ocrx_word' id='word_1_143' title='bbox 548 1844 741 1905; x_wconf 86' lang='lat' dir='ltr'><strong>necessariam</strong></span> <span class='ocrx_word' id='word_1_144' title='bbox 751 1845 964 1905; x_wconf 68' lang='lat' dir='ltr'><strong>festinationem</strong></span> <span class='ocrx_word' id='word_1_145' title='bbox 977 1857 1009 1904; x_wconf 91' lang='lat' dir='ltr'><strong>et</strong></span> <span class='ocrx_word' id='word_1_146' title='bbox 1019 1844 1090 1904; x_wconf 85' lang='lat' dir='ltr'><strong>alias</strong></span> <span class='ocrx_word' id='word_1_147' title='bbox 1099 1842 1389 1920; x_wconf 88' lang='lat' dir='ltr'><strong>incommodaticnes,</strong></span> 
     </span>
     <span class='ocr_line' id='line_1_17' title="bbox 296 1936 1389 2017; baseline -0.002 -22"><span class='ocrx_word' id='word_1_148' title='bbox 296 1954 356 1995; x_wconf 88' lang='lat' dir='ltr'><strong>non</strong></span> <span class='ocrx_word' id='word_1_149' title='bbox 369 1936 412 1995; x_wconf 85' lang='lat' dir='ltr'><strong>sic</strong></span> <span class='ocrx_word' id='word_1_150' title='bbox 426 1936 572 1996; x_wconf 85' lang='lat' dir='ltr'><strong>emendari</strong></span> <span class='ocrx_word' id='word_1_151' title='bbox 586 1937 688 2017; x_wconf 83' lang='lat' dir='ltr'><strong>potuit,</strong></span> <span class='ocrx_word' id='word_1_152' title='bbox 704 1948 737 1997; x_wconf 91' lang='lat' dir='ltr'><strong>ut</strong></span> <span class='ocrx_word' id='word_1_153' title='bbox 750 1939 797 1996; x_wconf 87' lang='lat' dir='ltr'><strong>vel</strong></span> <span class='ocrx_word' id='word_1_154' title='bbox 811 1938 881 1997; x_wconf 87' lang='lat' dir='ltr'><strong>mihi</strong></span> <span class='ocrx_word' id='word_1_155' title='bbox 896 1938 1003 2017; x_wconf 90' lang='lat' dir='ltr'><strong>ubique</strong></span> <span class='ocrx_word' id='word_1_156' title='bbox 1022 1936 1221 1997; x_wconf 77' lang='lat' dir='ltr'><strong>mtisfaceret:</strong></span> <span class='ocrx_word' id='word_1_157' title='bbox 1240 1954 1278 1995; x_wconf 88' lang='lat' dir='ltr'><strong>ea</strong></span> <span class='ocrx_word' id='word_1_158' title='bbox 1289 1946 1389 1994; x_wconf 81' lang='lat' dir='ltr'><strong>mmen</strong></span> 
     </span>
     <span class='ocr_line' id='line_1_18' title="bbox 297 2026 1390 2109; baseline 0 -23"><span class='ocrx_word' id='word_1_159' title='bbox 297 2026 470 2088; x_wconf 67' lang='lat' dir='ltr'><strong>literalitate</strong></span> <span class='ocrx_word' id='word_1_160' title='bbox 498 2028 666 2107; x_wconf 86' lang='lat' dir='ltr'><strong>amplissimi</strong></span> <span class='ocrx_word' id='word_1_161' title='bbox 690 2042 722 2090; x_wconf 91' lang='lat' dir='ltr'><strong>et</strong></span> <span class='ocrx_word' id='word_1_162' title='bbox 748 2030 962 2109; x_wconf 70' lang='lat' dir='ltr'><strong>prudentissimi</strong></span> <span class='ocrx_word' id='word_1_163' title='bbox 988 2030 1114 2089; x_wconf 86' lang='lat' dir='ltr'><strong>Senatus</strong></span> <span class='ocrx_word' id='word_1_164' title='bbox 1138 2026 1390 2105; x_wconf 78' lang='lat' dir='ltr'><strong>Norimbergeusis</strong></span> 
     </span>
     <span class='ocr_line' id='line_1_19' title="bbox 296 2118 1389 2201; baseline -0.002 -22"><span class='ocrx_word' id='word_1_165' title='bbox 296 2124 391 2201; x_wconf 71' lang='lat' dir='ltr'><strong>(cnjus</strong></span> <span class='ocrx_word' id='word_1_166' title='bbox 404 2120 571 2183; x_wconf 84' lang='lat' dir='ltr'><strong>honorificis</strong></span> <span class='ocrx_word' id='word_1_167' title='bbox 585 2122 624 2183; x_wconf 89' lang='lat' dir='ltr'><strong>de</strong></span> <span class='ocrx_word' id='word_1_168' title='bbox 637 2140 684 2182; x_wconf 88' lang='lat' dir='ltr'><strong>me</strong></span> <span class='ocrx_word' id='word_1_169' title='bbox 692 2122 811 2201; x_wconf 79' lang='lat' dir='ltr'><strong>Judiciis</strong></span> <span class='ocrx_word' id='word_1_170' title='bbox 823 2140 881 2182; x_wconf 89' lang='lat' dir='ltr'><strong>nen</strong></span> <span class='ocrx_word' id='word_1_171' title='bbox 895 2123 990 2183; x_wconf 83' lang='lat' dir='ltr'><strong>minus</strong></span> <span class='ocrx_word' id='word_1_172' title='bbox 1002 2122 1108 2194; x_wconf 84' lang='lat' dir='ltr'><strong>debeo,</strong></span> <span class='ocrx_word' id='word_1_173' title='bbox 1117 2138 1206 2200; x_wconf 73' lang='lat' dir='ltr'><strong>qun</strong></span> <span class='ocrx_word' id='word_1_174' title='bbox 1216 2118 1389 2179; x_wconf 81' lang='lat' dir='ltr'><strong>munificen-</strong></span> 
     </span>
     <span class='ocr_line' id='line_1_20' title="bbox 296 2213 1389 2294; baseline -0.002 -23"><span class='ocrx_word' id='word_1_175' title='bbox 296 2213 356 2283; x_wconf 83' lang='lat' dir='ltr'><strong>tiae,</strong></span> <span class='ocrx_word' id='word_1_176' title='bbox 374 2232 408 2273; x_wconf 89' lang='lat' dir='ltr'><strong>ac</strong></span> <span class='ocrx_word' id='word_1_177' title='bbox 429 2232 542 2294; x_wconf 89' lang='lat' dir='ltr'><strong>semper</strong></span> <span class='ocrx_word' id='word_1_178' title='bbox 555 2214 683 2291; x_wconf 87' lang='lat' dir='ltr'><strong>debebo)</strong></span> <span class='ocrx_word' id='word_1_179' title='bbox 698 2234 735 2273; x_wconf 90' lang='lat' dir='ltr'><strong>eo</strong></span> <span class='ocrx_word' id='word_1_180' title='bbox 747 2215 876 2275; x_wconf 88' lang='lat' dir='ltr'><strong>candore</strong></span> <span class='ocrx_word' id='word_1_181' title='bbox 889 2216 1043 2276; x_wconf 86' lang='lat' dir='ltr'><strong>doctorum</strong></span> <span class='ocrx_word' id='word_1_182' title='bbox 1060 2226 1106 2275; x_wconf 88' lang='lat' dir='ltr'><strong>est</strong></span> <span class='ocrx_word' id='word_1_183' title='bbox 1126 2222 1278 2291; x_wconf 85' lang='lat' dir='ltr'><strong>exceptus,</strong></span> <span class='ocrx_word' id='word_1_184' title='bbox 1292 2222 1325 2269; x_wconf 89' lang='lat' dir='ltr'><strong>ut</strong></span> <span class='ocrx_word' id='word_1_185' title='bbox 1336 2228 1389 2269; x_wconf 91' lang='lat' dir='ltr'><strong>me</strong></span> 
     </span>
     <span class='ocr_line' id='line_1_21' title="bbox 296 2300 1388 2386; baseline -0.005 -22"><span class='ocrx_word' id='word_1_186' title='bbox 296 2326 355 2364; x_wconf 90' lang='lat' dir='ltr'><strong>non</strong></span> <span class='ocrx_word' id='word_1_187' title='bbox 368 2306 435 2365; x_wconf 89' lang='lat' dir='ltr'><strong>ideo</strong></span> <span class='ocrx_word' id='word_1_188' title='bbox 455 2306 595 2385; x_wconf 85' lang='lat' dir='ltr'><strong>poenitere</strong></span> <span class='ocrx_word' id='word_1_189' title='bbox 610 2307 717 2366; x_wconf 89' lang='lat' dir='ltr'><strong>debeat</strong></span> <span class='ocrx_word' id='word_1_190' title='bbox 730 2306 805 2366; x_wconf 89' lang='lat' dir='ltr'><strong>illius</strong></span> <span class='ocrx_word' id='word_1_191' title='bbox 818 2306 1036 2381; x_wconf 72' lang='lat' dir='ltr'><strong>lucubrationis,</strong></span> <span class='ocrx_word' id='word_1_192' title='bbox 1051 2325 1136 2386; x_wconf 82' lang='lat' dir='ltr'><strong>quem</strong></span> <span class='ocrx_word' id='word_1_193' title='bbox 1150 2321 1227 2363; x_wconf 86' lang='lat' dir='ltr'><strong>nunc</strong></span> <span class='ocrx_word' id='word_1_194' title='bbox 1239 2300 1388 2362; x_wconf 78' lang='lat' dir='ltr'><strong>succisivis</strong></span> 
     </span>
     <span class='ocr_line' id='line_1_22' title="bbox 296 2395 1388 2481; baseline -0.002 -27"><span class='ocrx_word' id='word_1_195' title='bbox 296 2396 373 2481; x_wconf 78' lang='lat' dir='ltr'><strong>horis</strong></span> <span class='ocrx_word' id='word_1_196' title='bbox 386 2398 523 2458; x_wconf 84' lang='lat' dir='ltr'><strong>secundae</strong></span> <span class='ocrx_word' id='word_1_197' title='bbox 542 2398 661 2457; x_wconf 89' lang='lat' dir='ltr'><strong>editioni</strong></span> <span class='ocrx_word' id='word_1_198' title='bbox 679 2398 820 2459; x_wconf 87' lang='lat' dir='ltr'><strong>adornare</strong></span> <span class='ocrx_word' id='word_1_199' title='bbox 840 2418 939 2474; x_wconf 88' lang='lat' dir='ltr'><strong>eonor,</strong></span> <span class='ocrx_word' id='word_1_200' title='bbox 952 2412 985 2460; x_wconf 90' lang='lat' dir='ltr'><strong>ut</strong></span> <span class='ocrx_word' id='word_1_201' title='bbox 997 2411 1140 2459; x_wconf 87' lang='lat' dir='ltr'><strong>tantorum</strong></span> <span class='ocrx_word' id='word_1_202' title='bbox 1150 2396 1272 2456; x_wconf 79' lang='lat' dir='ltr'><strong>virorum</strong></span> <span class='ocrx_word' id='word_1_203' title='bbox 1286 2395 1388 2453; x_wconf 72' lang='lat' dir='ltr'><strong>farum</strong></span> 
     </span>
     <span class='ocr_line' id='line_1_23' title="bbox 296 2486 1475 2573; baseline -0.003 -26"><span class='ocrx_word' id='word_1_204' title='bbox 296 2499 327 2547; x_wconf 90' lang='lat' dir='ltr'><strong>et</strong></span> <span class='ocrx_word' id='word_1_205' title='bbox 341 2488 520 2547; x_wconf 86' lang='lat' dir='ltr'><strong>eruditorum</strong></span> <span class='ocrx_word' id='word_1_206' title='bbox 533 2488 741 2568; x_wconf 78' lang='lat' dir='ltr'><strong>approbatione</strong></span> <span class='ocrx_word' id='word_1_207' title='bbox 752 2486 866 2570; x_wconf 82' lang='lat' dir='ltr'><strong>dignior</strong></span> <span class='ocrx_word' id='word_1_208' title='bbox 878 2492 1028 2573; x_wconf 70' lang='lat' dir='ltr'><strong>aliquanto</strong></span> <span class='ocrx_word' id='word_1_209' title='bbox 1039 2490 1182 2551; x_wconf 80' lang='lat' dir='ltr'><strong>rideatur.</strong></span> <span class='ocrx_word' id='word_1_210' title='bbox 1221 2488 1257 2546; x_wconf 88' lang='lat' dir='ltr'><strong>lu</strong></span> <span class='ocrx_word' id='word_1_211' title='bbox 1266 2506 1325 2566; x_wconf 83' lang='lat' dir='ltr'><strong>qno</strong></span> <span class='ocrx_word' id='word_1_212' title='bbox 1337 2504 1388 2545; x_wconf 83' lang='lat' dir='ltr'><strong>su·</strong></span> <span class='ocrx_word' id='word_1_213' title='bbox 1471 2493 1475 2497; x_wconf 70' lang='grc'>“</span> 
     </span>
     <span class='ocr_line' id='line_1_24' title="bbox 295 2580 1387 2662; baseline -0.001 -24"><span class='ocrx_word' id='word_1_214' title='bbox 295 2589 359 2638; x_wconf 90' lang='lat' dir='ltr'><strong>tore</strong></span> <span class='ocrx_word' id='word_1_215' title='bbox 370 2599 436 2639; x_wconf 90' lang='lat' dir='ltr'><strong>cum</strong></span> <span class='ocrx_word' id='word_1_216' title='bbox 450 2580 622 2658; x_wconf 89' lang='lat' dir='ltr'><strong>tyrocinium</strong></span> <span class='ocrx_word' id='word_1_217' title='bbox 632 2600 691 2640; x_wconf 90' lang='lat' dir='ltr'><strong>non</strong></span> <span class='ocrx_word' id='word_1_218' title='bbox 702 2583 882 2662; x_wconf 83' lang='lat' dir='ltr'><strong>inauspicato</strong></span> <span class='ocrx_word' id='word_1_219' title='bbox 891 2585 1038 2654; x_wconf 74' lang='lat' dir='ltr'><strong>seciorem,</strong></span> <span class='ocrx_word' id='word_1_220' title='bbox 1047 2603 1084 2642; x_wconf 91' lang='lat' dir='ltr'><strong>ac</strong></span> <span class='ocrx_word' id='word_1_221' title='bbox 1094 2585 1188 2660; x_wconf 81' lang='lat' dir='ltr'><strong>majus</strong></span> <span class='ocrx_word' id='word_1_222' title='bbox 1201 2599 1273 2659; x_wconf 88' lang='lat' dir='ltr'><strong>opus</strong></span> <span class='ocrx_word' id='word_1_223' title='bbox 1285 2597 1387 2657; x_wconf 60' lang='lat' dir='ltr'><strong>agere</strong></span> 
     </span>
     <span class='ocr_line' id='line_1_25' title="bbox 295 2669 1387 2754; baseline -0.002 -22"><span class='ocrx_word' id='word_1_224' title='bbox 295 2669 393 2732; x_wconf 89' lang='lat' dir='ltr'><strong>diendi</strong></span> <span class='ocrx_word' id='word_1_225' title='bbox 407 2683 520 2751; x_wconf 89' lang='lat' dir='ltr'><strong>tempus</strong></span> <span class='ocrx_word' id='word_1_226' title='bbox 534 2691 597 2732; x_wconf 90' lang='lat' dir='ltr'><strong>esse</strong></span> <span class='ocrx_word' id='word_1_227' title='bbox 608 2672 763 2746; x_wconf 83' lang='lat' dir='ltr'><strong>videretur,</strong></span> <span class='ocrx_word' id='word_1_228' title='bbox 778 2695 837 2733; x_wconf 90' lang='lat' dir='ltr'><strong>non</strong></span> <span class='ocrx_word' id='word_1_229' title='bbox 851 2694 1029 2754; x_wconf 75' lang='lat' dir='ltr'><strong>magnopere</strong></span> <span class='ocrx_word' id='word_1_230' title='bbox 1042 2693 1106 2732; x_wconf 89' lang='lat' dir='ltr'><strong>sum</strong></span> <span class='ocrx_word' id='word_1_231' title='bbox 1120 2674 1289 2732; x_wconf 78' lang='lat' dir='ltr'><strong>adversetur</strong></span> <span class='ocrx_word' id='word_1_232' title='bbox 1299 2671 1387 2730; x_wconf 88' lang='lat' dir='ltr'><strong>loan-</strong></span> 
     </span>
     <span class='ocr_line' id='line_1_26' title="bbox 294 2763 1387 2844; baseline 0 -20"><span class='ocrx_word' id='word_1_233' title='bbox 294 2763 339 2824; x_wconf 88' lang='lat' dir='ltr'><strong>nis</strong></span> <span class='ocrx_word' id='word_1_234' title='bbox 354 2763 485 2844; x_wconf 91' lang='lat' dir='ltr'><strong>Oporini‚</strong></span> <span class='ocrx_word' id='word_1_235' title='bbox 496 2763 649 2824; x_wconf 84' lang='lat' dir='ltr'><strong>doctissimi</strong></span> <span class='ocrx_word' id='word_1_236' title='bbox 663 2764 726 2838; x_wconf 83' lang='lat' dir='ltr'><strong>riri,</strong></span> <span class='ocrx_word' id='word_1_237' title='bbox 739 2765 866 2844; x_wconf 87' lang='lat' dir='ltr'><strong>mihique</strong></span> <span class='ocrx_word' id='word_1_238' title='bbox 884 2765 1057 2835; x_wconf 79' lang='lat' dir='ltr'><strong>amicissimi,</strong></span> <span class='ocrx_word' id='word_1_239' title='bbox 1072 2763 1193 2840; x_wconf 85' lang='lat' dir='ltr'><strong>judicio,</strong></span> <span class='ocrx_word' id='word_1_240' title='bbox 1211 2763 1259 2840; x_wconf 89' lang='lat' dir='ltr'><strong>qui</strong></span> <span class='ocrx_word' id='word_1_241' title='bbox 1273 2763 1387 2824; x_wconf 86' lang='lat' dir='ltr'><strong>Demo·</strong></span> 
     </span>
     <span class='ocr_line' id='line_1_27' title="bbox 294 2853 1385 2934; baseline -0.001 -16"><span class='ocrx_word' id='word_1_242' title='bbox 294 2859 427 2918; x_wconf 85' lang='lat' dir='ltr'><strong>sthenem</strong></span> <span class='ocrx_word' id='word_1_243' title='bbox 439 2855 558 2916; x_wconf 89' lang='lat' dir='ltr'><strong>latinum</strong></span> <span class='ocrx_word' id='word_1_244' title='bbox 565 2863 626 2932; x_wconf 84' lang='lat' dir='ltr'><strong>jarn</strong></span> <span class='ocrx_word' id='word_1_245' title='bbox 640 2857 737 2915; x_wconf 86' lang='lat' dir='ltr'><strong>multis</strong></span> <span class='ocrx_word' id='word_1_246' title='bbox 752 2859 835 2916; x_wconf 88' lang='lat' dir='ltr'><strong>annis</strong></span> <span class='ocrx_word' id='word_1_247' title='bbox 847 2854 1008 2915; x_wconf 78' lang='lat' dir='ltr'><strong>astudiosis</strong></span> <span class='ocrx_word' id='word_1_248' title='bbox 1018 2853 1143 2934; x_wconf 83' lang='lat' dir='ltr'><strong>flagitari</strong></span> <span class='ocrx_word' id='word_1_249' title='bbox 1155 2853 1312 2914; x_wconf 82' lang='lat' dir='ltr'><strong>indicabat.</strong></span> <span class='ocrx_word' id='word_1_250' title='bbox 1354 2857 1385 2917; x_wconf 79' lang='lat' dir='ltr'><strong>A</strong></span> 
     </span>
     <span class='ocr_line' id='line_1_28' title="bbox 293 2945 1386 3030; baseline 0.001 -23"><span class='ocrx_word' id='word_1_251' title='bbox 293 2967 352 3030; x_wconf 89' lang='lat' dir='ltr'><strong>quo</strong></span> <span class='ocrx_word' id='word_1_252' title='bbox 366 2965 453 3027; x_wconf 87' lang='lat' dir='ltr'><strong>opere</strong></span> <span class='ocrx_word' id='word_1_253' title='bbox 468 2967 504 3006; x_wconf 86' lang='lat' dir='ltr'><strong>eo</strong></span> <span class='ocrx_word' id='word_1_254' title='bbox 521 2947 615 3006; x_wconf 88' lang='lat' dir='ltr'><strong>minus</strong></span> <span class='ocrx_word' id='word_1_255' title='bbox 630 2947 830 3018; x_wconf 87' lang='lat' dir='ltr'><strong>abhorrebam,</strong></span> <span class='ocrx_word' id='word_1_256' title='bbox 843 2946 923 3025; x_wconf 91' lang='lat' dir='ltr'><strong>quod</strong></span> <span class='ocrx_word' id='word_1_257' title='bbox 938 2945 1111 3026; x_wconf 86' lang='lat' dir='ltr'><strong>jampridem</strong></span> <span class='ocrx_word' id='word_1_258' title='bbox 1127 2945 1255 3020; x_wconf 81' lang='lat' dir='ltr'><strong>ejtrsdem</strong></span> <span class='ocrx_word' id='word_1_259' title='bbox 1276 2947 1386 3008; x_wconf 81' lang='lat' dir='ltr'><strong>autoris</strong></span> 
     </span>
     <span class='ocr_line' id='line_1_29' title="bbox 293 3038 1385 3118; baseline -0.001 -19"><span class='ocrx_word' id='word_1_260' title='bbox 293 3059 354 3099; x_wconf 88' lang='lat' dir='ltr'><strong>non</strong></span> <span class='ocrx_word' id='word_1_261' title='bbox 365 3039 452 3097; x_wconf 89' lang='lat' dir='ltr'><strong>modu</strong></span> <span class='ocrx_word' id='word_1_262' title='bbox 464 3039 602 3118; x_wconf 87' lang='lat' dir='ltr'><strong>quasdam</strong></span> <span class='ocrx_word' id='word_1_263' title='bbox 617 3039 760 3098; x_wconf 87' lang='lat' dir='ltr'><strong>orationes</strong></span> <span class='ocrx_word' id='word_1_264' title='bbox 780 3039 888 3117; x_wconf 83' lang='lat' dir='ltr'><strong>ingenii</strong></span> <span class='ocrx_word' id='word_1_265' title='bbox 900 3039 1059 3099; x_wconf 84' lang='lat' dir='ltr'><strong>exercendi</strong></span> <span class='ocrx_word' id='word_1_266' title='bbox 1070 3038 1162 3118; x_wconf 81' lang='lat' dir='ltr'><strong>grstia</strong></span> <span class='ocrx_word' id='word_1_267' title='bbox 1175 3049 1385 3112; x_wconf 77' lang='lat' dir='ltr'><strong>converteram,</strong></span> 
     </span>
     <span class='ocr_line' id='line_1_30' title="bbox 292 3131 1384 3212; baseline -0.003 -19"><span class='ocrx_word' id='word_1_268' title='bbox 292 3132 346 3194; x_wconf 88' lang='lat' dir='ltr'><strong>sed</strong></span> <span class='ocrx_word' id='word_1_269' title='bbox 355 3144 385 3192; x_wconf 91' lang='lat' dir='ltr'><strong>et</strong></span> <span class='ocrx_word' id='word_1_270' title='bbox 398 3132 559 3192; x_wconf 86' lang='lat' dir='ltr'><strong>locutiones</strong></span> <span class='ocrx_word' id='word_1_271' title='bbox 572 3133 663 3192; x_wconf 88' lang='lat' dir='ltr'><strong>minus</strong></span> <span class='ocrx_word' id='word_1_272' title='bbox 673 3131 864 3212; x_wconf 84' lang='lat' dir='ltr'><strong>pervulgatus,</strong></span> <span class='ocrx_word' id='word_1_273' title='bbox 879 3143 910 3192; x_wconf 89' lang='lat' dir='ltr'><strong>et</strong></span> <span class='ocrx_word' id='word_1_274' title='bbox 922 3131 1079 3193; x_wconf 86' lang='lat' dir='ltr'><strong>sententias</strong></span> <span class='ocrx_word' id='word_1_275' title='bbox 1091 3151 1192 3195; x_wconf 85' lang='lat' dir='ltr'><strong>ornnes</strong></span> <span class='ocrx_word' id='word_1_276' title='bbox 1203 3131 1384 3210; x_wconf 78' lang='lat' dir='ltr'><strong>insigniores,</strong></span> 
     </span>
     <span class='ocr_line' id='line_1_31' title="bbox 292 3223 1383 3304; baseline 0 -20"><span class='ocrx_word' id='word_1_277' title='bbox 292 3225 323 3284; x_wconf 90' lang='lat' dir='ltr'><strong>in</strong></span> <span class='ocrx_word' id='word_1_278' title='bbox 336 3225 480 3304; x_wconf 86' lang='lat' dir='ltr'><strong>peculiare</strong></span> <span class='ocrx_word' id='word_1_279' title='bbox 493 3226 627 3285; x_wconf 88' lang='lat' dir='ltr'><strong>volumen</strong></span> <span class='ocrx_word' id='word_1_280' title='bbox 648 3225 844 3285; x_wconf 87' lang='lat' dir='ltr'><strong>contuleram:</strong></span> <span class='ocrx_word' id='word_1_281' title='bbox 865 3235 896 3285; x_wconf 91' lang='lat' dir='ltr'><strong>et</strong></span> <span class='ocrx_word' id='word_1_282' title='bbox 916 3224 1083 3285; x_wconf 83' lang='lat' dir='ltr'><strong>assiduitate</strong></span> <span class='ocrx_word' id='word_1_283' title='bbox 1103 3223 1262 3303; x_wconf 78' lang='lat' dir='ltr'><strong>diligentias</strong></span> <span class='ocrx_word' id='word_1_284' title='bbox 1279 3223 1383 3298; x_wconf 79' lang='lat' dir='ltr'><strong>fretus,</strong></span> 
     </span>
     <span class='ocr_line' id='line_1_32' title="bbox 292 3316 1385 3399; baseline 0.003 -23"><span class='ocrx_word' id='word_1_285' title='bbox 292 3335 341 3376; x_wconf 89' lang='lat' dir='ltr'><strong>me</strong></span> <span class='ocrx_word' id='word_1_286' title='bbox 352 3333 456 3376; x_wconf 86' lang='lat' dir='ltr'><strong>navare</strong></span> <span class='ocrx_word' id='word_1_287' title='bbox 470 3316 577 3397; x_wconf 85' lang='lat' dir='ltr'><strong>aliquid</strong></span> <span class='ocrx_word' id='word_1_288' title='bbox 588 3329 677 3396; x_wconf 89' lang='lat' dir='ltr'><strong>atque</strong></span> <span class='ocrx_word' id='word_1_289' title='bbox 691 3317 804 3379; x_wconf 89' lang='lat' dir='ltr'><strong>efficere</strong></span> <span class='ocrx_word' id='word_1_290' title='bbox 815 3337 901 3398; x_wconf 89' lang='lat' dir='ltr'><strong>posse</strong></span> <span class='ocrx_word' id='word_1_291' title='bbox 912 3319 1073 3399; x_wconf 87' lang='lat' dir='ltr'><strong>sperabam,</strong></span> <span class='ocrx_word' id='word_1_292' title='bbox 1084 3317 1163 3396; x_wconf 90' lang='lat' dir='ltr'><strong>quod</strong></span> <span class='ocrx_word' id='word_1_293' title='bbox 1175 3316 1244 3376; x_wconf 88' lang='lat' dir='ltr'><strong>boni</strong></span> <span class='ocrx_word' id='word_1_294' title='bbox 1258 3328 1289 3377; x_wconf 88' lang='lat' dir='ltr'><strong>et</strong></span> <span class='ocrx_word' id='word_1_295' title='bbox 1302 3317 1385 3379; x_wconf 90' lang='lat' dir='ltr'><strong>docti</strong></span> 
     </span>
     <span class='ocr_line' id='line_1_33' title="bbox 292 3403 1382 3490; baseline 0.001 -23"><span class='ocrx_word' id='word_1_296' title='bbox 292 3407 344 3467; x_wconf 90' lang='lat' dir='ltr'><strong>viri</strong></span> <span class='ocrx_word' id='word_1_297' title='bbox 354 3409 540 3487; x_wconf 87' lang='lat' dir='ltr'><strong>approbaturi</strong></span> <span class='ocrx_word' id='word_1_298' title='bbox 553 3403 659 3469; x_wconf 80' lang='lat' dir='ltr'><strong>essent&#39;.</strong></span> <span class='ocrx_word' id='word_1_299' title='bbox 688 3410 792 3490; x_wconf 84' lang='lat' dir='ltr'><strong>Neque</strong></span> <span class='ocrx_word' id='word_1_300' title='bbox 803 3420 902 3471; x_wconf 87' lang='lat' dir='ltr'><strong>tamen</strong></span> <span class='ocrx_word' id='word_1_301' title='bbox 912 3429 972 3470; x_wconf 91' lang='lat' dir='ltr'><strong>non</strong></span> <span class='ocrx_word' id='word_1_302' title='bbox 980 3409 1168 3490; x_wconf 88' lang='lat' dir='ltr'><strong>providebam</strong></span> <span class='ocrx_word' id='word_1_303' title='bbox 1178 3409 1382 3469; x_wconf 81' lang='lat' dir='ltr'><strong>malevolorum</strong></span> 
     </span>
     <span class='ocr_line' id='line_1_34' title="bbox 292 3500 1383 3583; baseline 0.004 -26"><span class='ocrx_word' id='word_1_304' title='bbox 292 3519 406 3579; x_wconf 89' lang='lat' dir='ltr'><strong>quoque</strong></span> <span class='ocrx_word' id='word_1_305' title='bbox 418 3500 585 3574; x_wconf 88' lang='lat' dir='ltr'><strong>calumnias,</strong></span> <span class='ocrx_word' id='word_1_306' title='bbox 601 3513 631 3562; x_wconf 88' lang='lat' dir='ltr'><strong>et</strong></span> <span class='ocrx_word' id='word_1_307' title='bbox 648 3503 812 3583; x_wconf 89' lang='lat' dir='ltr'><strong>importuna</strong></span> <span class='ocrx_word' id='word_1_308' title='bbox 828 3503 981 3563; x_wconf 88' lang='lat' dir='ltr'><strong>sciolorum</strong></span> <span class='ocrx_word' id='word_1_309' title='bbox 992 3502 1114 3582; x_wconf 86' lang='lat' dir='ltr'><strong>judicis,</strong></span> <span class='ocrx_word' id='word_1_310' title='bbox 1128 3523 1195 3582; x_wconf 85' lang='lat' dir='ltr'><strong>qure</strong></span> <span class='ocrx_word' id='word_1_311' title='bbox 1206 3513 1266 3561; x_wconf 90' lang='lat' dir='ltr'><strong>tam</strong></span> <span class='ocrx_word' id='word_1_312' title='bbox 1280 3502 1383 3574; x_wconf 80' lang='lat' dir='ltr'><strong>multa,</strong></span> 
     </span>
     <span class='ocr_line' id='line_1_35' title="bbox 292 3591 1382 3676; baseline 0.002 -24"><span class='ocrx_word' id='word_1_313' title='bbox 292 3604 352 3652; x_wconf 88' lang='lat' dir='ltr'><strong>tam</strong></span> <span class='ocrx_word' id='word_1_314' title='bbox 362 3591 449 3664; x_wconf 85' lang='lat' dir='ltr'><strong>varia,</strong></span> <span class='ocrx_word' id='word_1_315' title='bbox 462 3603 519 3652; x_wconf 88' lang='lat' dir='ltr'><strong>tarn</strong></span> <span class='ocrx_word' id='word_1_316' title='bbox 534 3593 608 3654; x_wconf 84' lang='lat' dir='ltr'><strong>inter</strong></span> <span class='ocrx_word' id='word_1_317' title='bbox 621 3615 653 3655; x_wconf 87' lang='lat' dir='ltr'><strong>se</strong></span> <span class='ocrx_word' id='word_1_318' title='bbox 666 3595 863 3676; x_wconf 88' lang='lat' dir='ltr'><strong>discrepantia</strong></span> <span class='ocrx_word' id='word_1_319' title='bbox 876 3605 955 3668; x_wconf 89' lang='lat' dir='ltr'><strong>sunt,</strong></span> <span class='ocrx_word' id='word_1_320' title='bbox 965 3604 999 3654; x_wconf 91' lang='lat' dir='ltr'><strong>ut</strong></span> <span class='ocrx_word' id='word_1_321' title='bbox 1013 3614 1048 3654; x_wconf 88' lang='lat' dir='ltr'><strong>ea</strong></span> <span class='ocrx_word' id='word_1_322' title='bbox 1060 3594 1195 3675; x_wconf 87' lang='lat' dir='ltr'><strong>persequi</strong></span> <span class='ocrx_word' id='word_1_323' title='bbox 1209 3604 1239 3654; x_wconf 90' lang='lat' dir='ltr'><strong>et</strong></span> <span class='ocrx_word' id='word_1_324' title='bbox 1252 3594 1382 3654; x_wconf 82' lang='lat' dir='ltr'><strong>refutare</strong></span> 
     </span>
     <span class='ocr_line' id='line_1_36' title="bbox 291 3685 1382 3768; baseline 0.001 -22"><span class='ocrx_word' id='word_1_325' title='bbox 291 3686 328 3746; x_wconf 86' lang='lat' dir='ltr'><strong>sit</strong></span> <span class='ocrx_word' id='word_1_326' title='bbox 338 3685 489 3744; x_wconf 86' lang='lat' dir='ltr'><strong>infinitum.</strong></span> <span class='ocrx_word' id='word_1_327' title='bbox 516 3686 682 3747; x_wconf 82' lang='lat' dir='ltr'><strong>Delibanda</strong></span> <span class='ocrx_word' id='word_1_328' title='bbox 690 3697 791 3748; x_wconf 88' lang='lat' dir='ltr'><strong>tamen</strong></span> <span class='ocrx_word' id='word_1_329' title='bbox 801 3708 896 3768; x_wconf 81' lang='lat' dir='ltr'><strong>pauca</strong></span> <span class='ocrx_word' id='word_1_330' title='bbox 905 3687 975 3747; x_wconf 87' lang='lat' dir='ltr'><strong>mibi</strong></span> <span class='ocrx_word' id='word_1_331' title='bbox 988 3699 1065 3758; x_wconf 88' lang='lat' dir='ltr'><strong>sunt,</strong></span> <span class='ocrx_word' id='word_1_332' title='bbox 1075 3698 1108 3745; x_wconf 91' lang='lat' dir='ltr'><strong>ut</strong></span> <span class='ocrx_word' id='word_1_333' title='bbox 1120 3687 1178 3746; x_wconf 87' lang='lat' dir='ltr'><strong>mel</strong></span> <span class='ocrx_word' id='word_1_334' title='bbox 1189 3687 1259 3746; x_wconf 88' lang='lat' dir='ltr'><strong>mihi</strong></span> <span class='ocrx_word' id='word_1_335' title='bbox 1270 3687 1382 3747; x_wconf 86' lang='lat' dir='ltr'><strong>consilii</strong></span> 
     </span>
     <span class='ocr_line' id='line_1_37' title="bbox 292 3775 1381 3861; baseline 0 -23"><span class='ocrx_word' id='word_1_336' title='bbox 292 3777 364 3838; x_wconf 87' lang='lat' dir='ltr'><strong>ratio</strong></span> <span class='ocrx_word' id='word_1_337' title='bbox 374 3775 512 3836; x_wconf 90' lang='lat' dir='ltr'><strong>nonnulla</strong></span> <span class='ocrx_word' id='word_1_338' title='bbox 522 3777 682 3839; x_wconf 84' lang='lat' dir='ltr'><strong>constitisse</strong></span> <span class='ocrx_word' id='word_1_339' title='bbox 692 3779 832 3840; x_wconf 88' lang='lat' dir='ltr'><strong>videatur.</strong></span> <span class='ocrx_word' id='word_1_340' title='bbox 847 3780 1027 3861; x_wconf 88' lang='lat' dir='ltr'><strong>Acprimum</strong></span> <span class='ocrx_word' id='word_1_341' title='bbox 1039 3796 1139 3839; x_wconf 88' lang='lat' dir='ltr'><strong>eorum</strong></span> <span class='ocrx_word' id='word_1_342' title='bbox 1149 3778 1323 3852; x_wconf 88' lang='lat' dir='ltr'><strong>sollicitudo,</strong></span> <span class='ocrx_word' id='word_1_343' title='bbox 1332 3780 1381 3859; x_wconf 91' lang='lat' dir='ltr'><strong>qui</strong></span> 
     </span>
     <span class='ocr_line' id='line_1_38' title="bbox 289 3869 1382 3950; baseline 0 -20"><span class='ocrx_word' id='word_1_344' title='bbox 289 3881 433 3941; x_wconf 84' lang='lat' dir='ltr'><strong>metuunt,</strong></span> <span class='ocrx_word' id='word_1_345' title='bbox 443 3887 481 3927; x_wconf 89' lang='lat' dir='ltr'><strong>ne</strong></span> <span class='ocrx_word' id='word_1_346' title='bbox 494 3869 693 3930; x_wconf 88' lang='lat' dir='ltr'><strong>adolescentes</strong></span> <span class='ocrx_word' id='word_1_347' title='bbox 706 3873 941 3932; x_wconf 88' lang='lat' dir='ltr'><strong>conversionibus</strong></span> <span class='ocrx_word' id='word_1_348' title='bbox 953 3872 1031 3941; x_wconf 73' lang='lat' dir='ltr'><strong>freti,</strong></span> <span class='ocrx_word' id='word_1_349' title='bbox 1043 3888 1155 3948; x_wconf 73' lang='lat' dir='ltr'><strong>gratem</strong></span> <span class='ocrx_word' id='word_1_350' title='bbox 1167 3872 1278 3931; x_wconf 88' lang='lat' dir='ltr'><strong>litteras</strong></span> <span class='ocrx_word' id='word_1_351' title='bbox 1290 3871 1382 3950; x_wconf 79' lang='lat' dir='ltr'><strong>negli-</strong></span> 
     </span>
     <span class='ocr_line' id='line_1_39' title="bbox 291 3961 1381 4044; baseline 0.002 -20"><span class='ocrx_word' id='word_1_352' title='bbox 291 3983 362 4044; x_wconf 84' lang='lat' dir='ltr'><strong>gere</strong></span> <span class='ocrx_word' id='word_1_353' title='bbox 370 3963 518 4042; x_wconf 83' lang='lat' dir='ltr'><strong>incipient,</strong></span> <span class='ocrx_word' id='word_1_354' title='bbox 527 3961 569 4021; x_wconf 89' lang='lat' dir='ltr'><strong>itu</strong></span> <span class='ocrx_word' id='word_1_355' title='bbox 577 3964 646 4022; x_wconf 88' lang='lat' dir='ltr'><strong>milri</strong></span> <span class='ocrx_word' id='word_1_356' title='bbox 657 3964 770 4024; x_wconf 90' lang='lat' dir='ltr'><strong>videtur</strong></span> <span class='ocrx_word' id='word_1_357' title='bbox 778 3966 880 4036; x_wconf 88' lang='lat' dir='ltr'><strong>inanis,</strong></span> <span class='ocrx_word' id='word_1_358' title='bbox 890 3976 924 4024; x_wconf 89' lang='lat' dir='ltr'><strong>ut</strong></span> <span class='ocrx_word' id='word_1_359' title='bbox 934 3963 1077 4023; x_wconf 88' lang='lat' dir='ltr'><strong>studiosos</strong></span> <span class='ocrx_word' id='word_1_360' title='bbox 1087 3963 1287 4026; x_wconf 87' lang='lat' dir='ltr'><strong>adolescentes</strong></span> <span class='ocrx_word' id='word_1_361' title='bbox 1300 3965 1381 4026; x_wconf 77' lang='lat' dir='ltr'><strong>nulla</strong></span> 
     </span>
     <span class='ocr_line' id='line_1_40' title="bbox 291 4053 1379 4138; baseline -0.004 -18"><span class='ocrx_word' id='word_1_362' title='bbox 291 4058 401 4124; x_wconf 83' lang='lat' dir='ltr'><strong>ratione</strong></span> <span class='ocrx_word' id='word_1_363' title='bbox 415 4053 507 4132; x_wconf 82' lang='lat' dir='ltr'><strong>magis</strong></span> <span class='ocrx_word' id='word_1_364' title='bbox 519 4055 628 4114; x_wconf 86' lang='lat' dir='ltr'><strong>incitari</strong></span> <span class='ocrx_word' id='word_1_365' title='bbox 642 4075 726 4135; x_wconf 88' lang='lat' dir='ltr'><strong>posse</strong></span> <span class='ocrx_word' id='word_1_366' title='bbox 740 4058 777 4116; x_wconf 89' lang='lat' dir='ltr'><strong>ad</strong></span> <span class='ocrx_word' id='word_1_367' title='bbox 788 4075 897 4136; x_wconf 84' lang='lat' dir='ltr'><strong>graecas</strong></span> <span class='ocrx_word' id='word_1_368' title='bbox 910 4057 1022 4116; x_wconf 87' lang='lat' dir='ltr'><strong>litteras</strong></span> <span class='ocrx_word' id='word_1_369' title='bbox 1035 4055 1190 4116; x_wconf 88' lang='lat' dir='ltr'><strong>discendas</strong></span> <span class='ocrx_word' id='word_1_370' title='bbox 1203 4057 1379 4138; x_wconf 80' lang='lat' dir='ltr'><strong>existimem,</strong></span> 
     </span>
     <span class='ocr_line' id='line_1_41' title="bbox 289 4146 1381 4232; baseline 0.001 -22"><span class='ocrx_word' id='word_1_371' title='bbox 289 4155 377 4230; x_wconf 81' lang='lat' dir='ltr'><strong>&#39;quam</strong></span> <span class='ocrx_word' id='word_1_372' title='bbox 395 4148 419 4210; x_wconf 89' lang='lat' dir='ltr'><strong>si</strong></span> <span class='ocrx_word' id='word_1_373' title='bbox 433 4146 662 4227; x_wconf 71' lang='lat' dir='ltr'><strong>prospicientes</strong></span> <span class='ocrx_word' id='word_1_374' title='bbox 675 4147 805 4207; x_wconf 83' lang='lat' dir='ltr'><strong>fidelium</strong></span> <span class='ocrx_word' id='word_1_375' title='bbox 822 4149 1012 4227; x_wconf 88' lang='lat' dir='ltr'><strong>interpretum</strong></span> <span class='ocrx_word' id='word_1_376' title='bbox 1026 4148 1234 4228; x_wconf 81' lang='lat' dir='ltr'><strong>auxilio,quasi</strong></span> <span class='ocrx_word' id='word_1_377' title='bbox 1244 4169 1381 4232; x_wconf 83' lang='lat' dir='ltr'><strong>campen·</strong></span> 
     </span>
     <span class='ocr_line' id='line_1_42' title="bbox 290 4235 1381 4321; baseline 0.002 -21"><span class='ocrx_word' id='word_1_378' title='bbox 290 4242 380 4302; x_wconf 86' lang='lat' dir='ltr'><strong>&#39;diaria</strong></span> <span class='ocrx_word' id='word_1_379' title='bbox 388 4243 444 4314; x_wconf 89' lang='lat' dir='ltr'><strong>via,</strong></span> <span class='ocrx_word' id='word_1_380' title='bbox 460 4242 522 4301; x_wconf 87' lang='lat' dir='ltr'><strong>sine</strong></span> <span class='ocrx_word' id='word_1_381' title='bbox 531 4240 643 4318; x_wconf 85' lang='lat' dir='ltr'><strong>magnis</strong></span> <span class='ocrx_word' id='word_1_382' title='bbox 656 4239 796 4299; x_wconf 87' lang='lat' dir='ltr'><strong>molestiis</strong></span> <span class='ocrx_word' id='word_1_383' title='bbox 809 4252 841 4300; x_wconf 89' lang='lat' dir='ltr'><strong>et</strong></span> <span class='ocrx_word' id='word_1_384' title='bbox 849 4237 1061 4301; x_wconf 85' lang='lat' dir='ltr'><strong>difficultatibus</strong></span> <span class='ocrx_word' id='word_1_385' title='bbox 1071 4235 1338 4321; x_wconf 78' lang='lat' dir='ltr'><strong>adelegaatissimae</strong></span> <span class='ocrx_word' id='word_1_386' title='bbox 1348 4254 1381 4302; x_wconf 87' lang='lat' dir='ltr'><strong>et</strong></span> 
     </span>
     <span class='ocr_line' id='line_1_43' title="bbox 289 4329 1380 4415; baseline 0.001 -23"><span class='ocrx_word' id='word_1_387' title='bbox 289 4333 488 4393; x_wconf 72' lang='lat' dir='ltr'><strong>eruditissime</strong></span> <span class='ocrx_word' id='word_1_388' title='bbox 499 4332 606 4411; x_wconf 78' lang='lat' dir='ltr'><strong>lingum</strong></span> <span class='ocrx_word' id='word_1_389' title='bbox 615 4329 851 4410; x_wconf 82' lang='lat' dir='ltr'><strong>jucundissimam</strong></span> <span class='ocrx_word' id='word_1_390' title='bbox 861 4331 944 4391; x_wconf 88' lang='lat' dir='ltr'><strong>simul</strong></span> <span class='ocrx_word' id='word_1_391' title='bbox 957 4345 988 4392; x_wconf 90' lang='lat' dir='ltr'><strong>et</strong></span> <span class='ocrx_word' id='word_1_392' title='bbox 996 4332 1174 4394; x_wconf 80' lang='lat' dir='ltr'><strong>utilissimam</strong></span> <span class='ocrx_word' id='word_1_393' title='bbox 1185 4333 1380 4415; x_wconf 77' lang='lat' dir='ltr'><strong>cognitionem</strong></span> 
     </span>
     <span class='ocr_line' id='line_1_44' title="bbox 290 4423 1379 4508; baseline 0.005 -25"><span class='ocrx_word' id='word_1_394' title='bbox 290 4436 489 4504; x_wconf 83' lang='lat' dir='ltr'><strong>perventuros.</strong></span> <span class='ocrx_word' id='word_1_395' title='bbox 529 4427 612 4492; x_wconf 84' lang='lat' dir='ltr'><strong>Quos</strong></span> <span class='ocrx_word' id='word_1_396' title='bbox 626 4425 703 4486; x_wconf 90' lang='lat' dir='ltr'><strong>enim</strong></span> <span class='ocrx_word' id='word_1_397' title='bbox 723 4425 802 4504; x_wconf 92' lang='lat' dir='ltr'><strong>prius</strong></span> <span class='ocrx_word' id='word_1_398' title='bbox 814 4423 937 4485; x_wconf 84' lang='lat' dir='ltr'><strong>fortasse</strong></span> <span class='ocrx_word' id='word_1_399' title='bbox 954 4443 1011 4486; x_wconf 91' lang='lat' dir='ltr'><strong>uec</strong></span> <span class='ocrx_word' id='word_1_400' title='bbox 1032 4447 1050 4487; x_wconf 84' lang='lat' dir='ltr'><strong>a</strong></span> <span class='ocrx_word' id='word_1_401' title='bbox 1066 4429 1301 4508; x_wconf 75' lang='lat' dir='ltr'><strong>preceptoribus,</strong></span> <span class='ocrx_word' id='word_1_402' title='bbox 1320 4447 1379 4488; x_wconf 90' lang='lat' dir='ltr'><strong>nec</strong></span> 
     </span>
     <span class='ocr_line' id='line_1_45' title="bbox 291 4515 1380 4601; baseline 0.005 -25"><span class='ocrx_word' id='word_1_403' title='bbox 291 4517 375 4598; x_wconf 85' lang='lat' dir='ltr'><strong>eopia</strong></span> <span class='ocrx_word' id='word_1_404' title='bbox 391 4515 526 4578; x_wconf 90' lang='lat' dir='ltr'><strong>librorum</strong></span> <span class='ocrx_word' id='word_1_405' title='bbox 540 4519 607 4581; x_wconf 80' lang='lat' dir='ltr'><strong>sads</strong></span> <span class='ocrx_word' id='word_1_406' title='bbox 625 4519 793 4594; x_wconf 85' lang='lat' dir='ltr'><strong>instructos,</strong></span> <span class='ocrx_word' id='word_1_407' title='bbox 807 4517 972 4601; x_wconf 88' lang='lat' dir='ltr'><strong>desperatio</strong></span> <span class='ocrx_word' id='word_1_408' title='bbox 990 4519 1164 4593; x_wconf 84' lang='lat' dir='ltr'><strong>retardabat,</strong></span> <span class='ocrx_word' id='word_1_409' title='bbox 1184 4519 1323 4582; x_wconf 88' lang='lat' dir='ltr'><strong>iiliduciu</strong></span> <span class='ocrx_word' id='word_1_410' title='bbox 1335 4521 1380 4581; x_wconf 85' lang='lat' dir='ltr'><strong>iu·</strong></span> 
     </span>
    </p>
   </div>
   <div class='ocr_carea' id='block_1_3' title="bbox 0 0 1580 5125">
    <p class='ocr_par' dir='ltr' id='par_1_3' title="bbox 0 0 1580 5125">
     <span class='ocr_line' id='line_1_46' title="bbox 0 0 1580 5125; baseline 0 4"><span class='ocrx_word' id='word_1_411' title='bbox 0 0 1580 5125; x_wconf 95' lang='lat' dir='ltr'><strong> </strong></span> 
     </span>
    </p>
   </div>
  </div>
 </body>
</html>
