3150 5125
306 406 397 470 uun
544 464 560 479 ,
637 394 1040 459 enumerantem

311 564 348 621 ab
369 560 431 639 ipso
449 564 634 624 cunarum
654 564 686 613 et
706 552 774 611 dun
791 550 910 631 quidem
931 550 969 609 ad
988 546 1173 626 magnificum
1187 556 1220 608 et
1232 556 1411 625 generosum

302 652 404 712 -sirnm
421 649 469 708 Ic.
489 649 630 707 Iacobum
644 645 815 723 Fuggerutn
825 674 865 689 κ
876 642 969 721 prima
985 641 1025 699 ad
1038 639 1271 700 Demosthenem
1283 637 1411 697 htinnm

283 766 301 787 ·
311 762 331 801 a
346 762 379 801 se
391 742 512 813 mentm,
525 739 632 817 scripta
646 738 680 797 Α.
697 740 786 797 1549.
807 736 898 795 altera
917 734 958 793 ad
969 733 1096 791 eundem
1114 732 1146 791 in
1165 730 1410 790 Demosthenicte

311 830 510 893 conversionis
527 827 759 906 recognitionem
772 825 879 904 scripta
888 825 926 885 Α.
937 826 1026 885 1658.
1039 824 1133 896 tertia,
1143 822 1253 901 scripta
1266 822 1303 881 A.
1317 825 1410 882 1568-

313 924 353 984 ad
367 921 532 983 Henricum
544 920 674 989 fratrem,
687 916 842 997 physicum
861 916 1147 992 Norimbergensem,
1168 913 1294 993 prefixa
1312 911 1410 990 speei-

307 1013 384 1082 mini
400 1024 555 1091 postremae
574 1007 792 1086 recognitionis.
831 1008 923 1067 Juvat
941 1024 981 1065 ex
996 1006 1052 1063 illis
1069 1005 1160 1065 tribus
1177 1002 1309 1082 epistolis
1326 1004 1410 1061 locus

315 1104 455 1183 quosdam
475 1102 514 1163 ad
532 1100 679 1161 historiam
699 1096 909 1184 Demosthenis
920 1094 1059 1156 Wolfiani
1076 1095 1221 1155 facientes
1234 1096 1295 1157 huc
1313 1106 1411 1154 trans·

319 1196 445 1259 ferre-

449 1295 562 1362 spen
594 1280 711 1357 optim
721 1292 1235 1343 warnorunnaoermnmnnn.

417 1371 589 1419 Wcllindicern
601 1370 726 1433 grauitatis
738 1368 925 1419 Demostbssiooe
936 1371 983 1421 sibi
990 1370 1085 1419 lacem

417 1446 553 1519 §sindono
564 1445 697 1517 bertuinus
708 1461 764 1498 usus
776 1454 813 1497 est
823 1455 957 1499 correctore
967 1462 1016 1496 rna
1025 1443 1154 1493 latinitatis.

758 1676 887 1745 SECT.
910 1680 979 1745 IX.

611 1838 658 1897 De
679 1840 886 1921 Francfurtnso
905 1839 989 1897 Deru.
1009 1836 1134 1897 editiore.
1182 1855 1187 1864 ·

344 2040 350 2049 ·
366 2006 447 2065 Hac
460 2004 499 2067 de
512 2002 658 2064 Woltinna
672 2004 881 2065 Demosthenis
899 2005 1028 2065 editione
1045 2012 1283 2082 postremaque
1298 2001 1339 2060 ad
1354 1999 1411 2061 boe

327 2096 386 2159 diei
397 2097 563 2179 plenissima
576 2107 606 2155 et
619 2095 830 2175 perfectissima
840 2097 898 2157 suit
916 2096 1054 2167 omniurn,
1065 2106 1098 2153 et
1109 2092 1314 2171 rrdgatissima
1353 2093 1411 2150 Re·

327 2206 399 2247 cuae
416 2188 535 2266 quidem
556 2176 608 2247 est
619 2186 674 2259 bis,
695 2188 881 2248 Francolnrti
900 2187 991 2247 semel
1004 2187 1045 2245 A.
1061 2189 1148 2245 1604.
1160 2193 1193 2243 et
1204 2194 1266 2242 tum
1286 2184 1412 2243 Genesar

328 2279 369 2337 A.
385 2282 473 2342 1607.
487 2287 621 2356 prestare
633 2288 731 2337 tamen
748 2278 862 2339 videtur
874 2276 1064 2353 Basileensis,
1078 2293 1146 2354 quae
1164 2274 1279 2333 ridemr
1291 2274 1412 2333 omnim

328 2368 542 2429 contentissime
555 2387 630 2429 esse.
672 2368 854 2438 Genevensis
868 2379 913 2429 est
926 2368 1086 2428 admodum
1100 2364 1224 2426 sordidis
1244 2366 1353 2425 chartis
1364 2381 1414 2423 ex·

330 2480 439 2539 pressa.
457 2471 600 2539 praeterea
618 2471 698 2521 caret
717 2460 829 2541 optima
842 2462 913 2521 dote
926 2460 1082 2521 Wolfianoe
1094 2457 1239 2529 editicnb,
1255 2459 1356 2518 Wotffi
1366 2477 1416 2517 an·

330 2549 533 2612 nonnonibus.
574 2550 783 2612 Franciurtana
800 2552 955 2614 luculentis
965 2551 1085 2631 quidem
1095 2549 1205 2612 mutis
1224 2550 1359 2630 typisque
1371 2560 1417 2610 est

332 2662 451 2703 excusa.
463 2655 615 2723 praeterea,
629 2645 711 2722 quod
724 2645 754 2704 in
767 2645 1021 2706 commoditatibus
1033 2655 1168 2706 numerat
1181 2643 1343 2720 Fabricius,
1354 2643 1417 2702 uni-

328 2734 435 2814 cuique
449 2735 570 2796 crationi
582 2735 679 2796 statim
690 2735 814 2812 subjecti
826 2746 894 2796 sunt
907 2737 938 2796 in
950 2736 1002 2796 illa
1013 2736 1143 2796 editione
1154 2735 1356 2796 commentarii
1369 2734 1419 2796 Ul·
1522 2788 1527 2796 .

333 2826 448 2906 planch
475 2826 593 2888 tandem
620 2826 707 2888 etiem
736 2829 932 2888 accessionem
955 2826 1298 2906 quandamrarinntium
1320 2827 1418 2896 babet,

312 2993 313 2998 η
333 2938 421 2996 quam
434 2918 465 2976 in
477 2917 550 2978 libro
563 2937 630 2977 msc
648 2919 820 2978 variantium
831 2919 979 2997 appellare
991 2919 1073 2978 soleo
1087 2919 1256 2995 appendices
1270 2917 1419 2994 Fmscfre-

334 3017 435 3084 tanom,
451 3008 489 3066 de
507 3027 566 3087 qua
579 3027 646 3085 quaa
665 3009 760 3066 dicam
780 3009 846 3068 brec
864 3008 971 3069 babeo.
1013 3008 1074 3070 Sed
1095 3009 1173 3087 prius
1186 3020 1281 3070 totum
1293 3007 1420 3068 bebium

334 3101 420 3176 hujus
434 3098 482 3158 ed.
497 3097 613 3156 Franci.
628 3098 784 3159 videamus.
818 3099 961 3160 Universa
979 3110 1025 3160 est
1039 3100 1143 3161 eadem
1162 3120 1232 3161 curn
1250 3097 1419 3168 Basileeuti,

335 3188 391 3254 nisi
405 3189 484 3267 quod
498 3188 702 3268 opusculorum
715 3191 919 3252 nonnullorum
931 3193 1033 3252 sedem
1045 3193 1176 3262 mutarit.
1197 3194 1236 3254 E.
1249 3213 1278 3254 c.
1287 3191 1422 3272 epistolas

337 3280 438 3339 Wollii
457 3279 496 3338 ad
515 3280 683 3358 Fuggerum
704 3283 789 3342 etad
801 3283 965 3344 Henricum
988 3282 1118 3354 tratrem,
1139 3284 1171 3344 in
1189 3296 1323 3348 esberno
1340 3284 1422 3344 calca

338 3371 513 3439 Basileensis
534 3371 646 3432 locatas
668 3375 815 3434 revocavit
832 3376 897 3435 bec
915 3373 1126 3438 Francfurtans
1144 3377 1185 3437 ad
1205 3379 1301 3456 open’s
1322 3376 1424 3456 punti-

337 3465 427 3545 pium.
468 3462 587 3542 Ulpiani
616 3463 733 3528 Scholia
759 3467 880 3528 crationi
904 3466 1010 3544 cuique
1033 3469 1169 3545 subjecit.
1210 3469 1272 3530 Sed
1298 3467 1424 3536 debebat

336 3553 415 3616 idem
429 3565 513 3614 tenor
523 3555 609 3616 etiam
619 3555 652 3617 in
664 3559 879 3619 commentariis
892 3557 1045 3622 Wotfinois
1055 3569 1116 3620 tam
1123 3547 1163 3625 ad
1174 3559 1330 3624 Damoath.
1338 3579 1424 3640 qnam

338 3646 378 3714 ad
392 3645 549 3724 Ulpianum
569 3646 673 3716 teneri,
687 3659 720 3707 ut
739 3650 829 3709 etad
849 3648 995 3709 orationes
1015 3649 1210 3724 adjicerentur
1225 3653 1426 3714 mutones

338 3756 469 3817 quasque
483 3757 553 3808 sure,
568 3749 599 3796 et
611 3737 651 3797 ad
664 3738 930 3818 Ulpianeascbolie
942 3739 1012 3798 item
1024 3758 1096 3798 aure.
1137 3740 1206 3800 Vita
1217 3752 1279 3805 tum
1294 3743 1426 3821 sequitur

339 3829 549 3892 Demosthenis
563 3829 772 3910 olympiadibus
791 3851 829 3891 ac
849 3831 979 3910 preturis
993 3831 1219 3893 Atheniensium
1235 3833 1376 3894 (intincta
1386 3853 1425 3896 ex

339 3921 484 4000 parallelis
498 3921 628 3982 Andreae
651 3919 774 3994 Sertorii,
793 3923 1009 3984 accessionibus
1025 3925 1212 4003 locupletata.
1253 3927 1427 3988 Annonem

339 4034 408 4074 num
420 4015 510 4092 series
523 4016 609 4093 plane
622 4015 735 4074 inversa
748 4025 803 4076 est.
843 4015 971 4094 Reliqua
980 4017 1077 4077 omnia
1088 4029 1156 4078 sunt
1168 4017 1273 4078 eadem
1285 4029 1318 4078 ut
1328 4020 1360 4078 in
1371 4019 1428 4079 Ba·

340 4105 466 4183 qileensi,
480 4105 533 4168 nisi
554 4107 634 4185 quod
651 4107 680 4164 in
700 4107 759 4174 ,fine
780 4106 889 4168 additia
909 4119 977 4168 suut
990 4109 1114 4168 lectiones
1126 4111 1157 4166 is
1167 4109 1373 4172 Demotticsesr
1383 4113 1425 4172 tli-

340 4217 424 4258 acran
439 4197 498 4276 (hic
513 4209 558 4258 est
570 4197 670 4258 titulus
683 4197 759 4256 illius
773 4198 915 4276 opusculi)
928 4208 1010 4271 tame
1022 4203 1111 4260 codice
1122 4203 1237 4277 quodue
1249 4212 1356 4265 oetam
1364 4192 1427 4264 ri«.

341 4293 401 4361 lico,
413 4301 469 4348 tum
478 4312 510 4348 en
525 4291 635 4362 Aldine,
649 4290 693 4346 cui
706 4289 768 4346 illut
782 4291 827 4346 etr
839 4291 1008 4352 doctissimus
1020 4313 1101 4352 mauu
1106 4295 1223 4368 propriu
1235 4295 1427 4370 adscriptam.

342 4381 517 4450 Dolcndum,
531 4381 609 4457 quod
623 4390 741 4440 curator
753 4379 840 4458 hussrs
853 4383 996 4455 editionis,
1010 4384 1137 4464 quisquis
1149 4385 1215 4456 fuit,
1229 4395 1289 4444 tam
1302 4385 1429 4447 incertos

339 4489 394 4538 nos
408 4471 509 4534 dehac
523 4471 677 4534 collatione
691 4473 848 4556 reliquerit.
862 4487 922 4538 tam
935 4477 1068 4550 obscure,
1081 4489 1142 4539 tam
1154 4477 1266 4544 infinite
1278 4476 1317 4540 de
1325 4475 1430 4547 eudicti
