<?xml version="1.0" encoding="UTF-8"?>
<!DOCTYPE html PUBLIC "-//W3C//DTD XHTML 1.0 Transitional//EN"
    "http://www.w3.org/TR/xhtml1/DTD/xhtml1-transitional.dtd">
<html xmlns="http://www.w3.org/1999/xhtml" xml:lang="en" lang="en">
 <head>
  <title>
</title>
<meta http-equiv="Content-Type" content="text/html;charset=utf-8" />
  <meta name='ocr-system' content='tesseract 3.04.00' />
  <meta name='ocr-capabilities' content='ocr_page ocr_carea ocr_par ocr_line ocrx_word'/>
</head>
<body>
  <div class='ocr_page' id='page_1' title='image "./demosthenisetsc01dupogoog_0023.png"; bbox 0 0 3150 5125; ppageno 0'>
   <div class='ocr_carea' id='block_1_1' title="bbox 246 424 1271 516">
    <p class='ocr_par' dir='ltr' id='par_1_1' title="bbox 246 424 1271 516">
     <span class='ocr_line' id='line_1_1' title="bbox 246 424 1271 516; baseline 0 -29"><span class='ocrx_word' id='word_1_1' title='bbox 246 480 250 487; x_wconf 93' lang='lat'>.</span> <span class='ocrx_word' id='word_1_2' title='bbox 318 434 321 443; x_wconf 80' lang='grc'>’</span> <span class='ocrx_word' id='word_1_3' title='bbox 446 426 511 489; x_wconf 71' lang='lat' dir='ltr'><strong>AD</strong></span> <span class='ocrx_word' id='word_1_4' title='bbox 528 426 652 490; x_wconf 74' lang='lat' dir='ltr'>SUUM</span> <span class='ocrx_word' id='word_1_5' title='bbox 671 424 1044 490; x_wconf 62' lang='lat' dir='ltr'><strong>numerumn:</strong></span> <span class='ocrx_word' id='word_1_6' title='bbox 1199 426 1271 516; x_wconf 62' lang='lat' dir='ltr'><strong>xpi</strong></span> 
     </span>
    </p>
   </div>
   <div class='ocr_carea' id='block_1_2' title="bbox 76 574 1290 1129">
    <p class='ocr_par' dir='ltr' id='par_1_2' title="bbox 76 574 1290 1129">
     <span class='ocr_line' id='line_1_2' title="bbox 186 574 1277 664; baseline -0.005 -16"><span class='ocrx_word' id='word_1_7' title='bbox 186 574 357 649; x_wconf 75' lang='grc' dir='ltr'>ιιιιιιιιιι</span> <span class='ocrx_word' id='word_1_8' title='bbox 377 584 572 645; x_wconf 71' lang='lat' dir='ltr'><strong>utendorum</strong></span> <span class='ocrx_word' id='word_1_9' title='bbox 589 594 624 645; x_wconf 88' lang='lat' dir='ltr'><strong>et</strong></span> <span class='ocrx_word' id='word_1_10' title='bbox 643 582 795 664; x_wconf 66' lang='grc' dir='ltr'>ιμιςίιιιιι</span> <span class='ocrx_word' id='word_1_11' title='bbox 813 584 895 645; x_wconf 85' lang='lat' dir='ltr'><strong>buno</strong></span> <span class='ocrx_word' id='word_1_12' title='bbox 913 592 1067 645; x_wconf 66' lang='lat' dir='ltr'><strong>morem</strong></span> <span class='ocrx_word' id='word_1_13' title='bbox 1080 579 1194 641; x_wconf 77' lang='grc' dir='ltr'>ιιῑιιιιί</span> <span class='ocrx_word' id='word_1_14' title='bbox 1216 600 1277 643; x_wconf 85' lang='lat' dir='ltr'><strong>non</strong></span> 
     </span>
     <span class='ocr_line' id='line_1_3' title="bbox 186 674 1290 758; baseline -0.007 -15"><span class='ocrx_word' id='word_1_15' title='bbox 186 678 316 749; x_wconf 72' lang='lat' dir='ltr'><strong>alicnde,</strong></span> <span class='ocrx_word' id='word_1_16' title='bbox 333 696 419 758; x_wconf 85' lang='lat' dir='ltr'><strong>qaam</strong></span> <span class='ocrx_word' id='word_1_17' title='bbox 440 697 477 739; x_wconf 85' lang='grc' dir='ltr'><strong>ιι</strong></span> <span class='ocrx_word' id='word_1_18' title='bbox 496 688 561 739; x_wconf 86' lang='lat' dir='ltr'><strong>arte</strong></span> <span class='ocrx_word' id='word_1_19' title='bbox 579 678 762 757; x_wconf 76' lang='lat' dir='ltr'><strong>eloquentiae,</strong></span> <span class='ocrx_word' id='word_1_20' title='bbox 776 676 899 757; x_wconf 72' lang='lat' dir='ltr'><strong>glanem</strong></span> <span class='ocrx_word' id='word_1_21' title='bbox 918 676 946 737; x_wconf 87' lang='lat' dir='ltr'><strong>ei</strong></span> <span class='ocrx_word' id='word_1_22' title='bbox 964 674 1163 753; x_wconf 72' lang='lat' dir='ltr'><strong>mnr‘baamns,</strong></span> <span class='ocrx_word' id='word_1_23' title='bbox 1181 692 1220 733; x_wconf 85' lang='grc' dir='ltr'><strong>ιι</strong></span> <span class='ocrx_word' id='word_1_24' title='bbox 1239 689 1290 735; x_wconf 82' lang='lat' dir='ltr'><strong>ea&#39;</strong></span> 
     </span>
     <span class='ocr_line' id='line_1_4' title="bbox 187 764 1278 849; baseline -0.008 -14"><span class='ocrx_word' id='word_1_25' title='bbox 187 772 266 835; x_wconf 78' lang='lat' dir='ltr'><strong>adar</strong></span> <span class='ocrx_word' id='word_1_26' title='bbox 278 772 387 832; x_wconf 89' lang='lat' dir='ltr'><strong>clarum</strong></span> <span class='ocrx_word' id='word_1_27' title='bbox 399 788 436 831; x_wconf 82' lang='lat' dir='ltr'><strong>ac</strong></span> <span class='ocrx_word' id='word_1_28' title='bbox 449 770 594 831; x_wconf 85' lang='lat' dir='ltr'><strong>celebrem</strong></span> <span class='ocrx_word' id='word_1_29' title='bbox 609 770 689 849; x_wconf 85' lang='lat' dir='ltr'><strong>spari</strong></span> <span class='ocrx_word' id='word_1_30' title='bbox 700 788 801 828; x_wconf 84' lang='lat' dir='ltr'><strong>omues</strong></span> <span class='ocrx_word' id='word_1_31' title='bbox 812 788 888 841; x_wconf 86' lang='lat' dir='ltr'><strong>esso,</strong></span> <span class='ocrx_word' id='word_1_32' title='bbox 896 778 931 829; x_wconf 90' lang='lat' dir='ltr'><strong>ut</strong></span> <span class='ocrx_word' id='word_1_33' title='bbox 941 764 1162 837; x_wconf 83' lang='lat' dir='ltr'><strong>aliamlaudem,</strong></span> <span class='ocrx_word' id='word_1_34' title='bbox 1175 785 1278 844; x_wconf 84' lang='lat' dir='ltr'><strong>qaam·</strong></span> 
     </span>
     <span class='ocr_line' id='line_1_5' title="bbox 186 858 1278 944; baseline -0.009 -19"><span class='ocrx_word' id='word_1_35' title='bbox 186 864 234 925; x_wconf 83' lang='lat' dir='ltr'><strong>vis</strong></span> <span class='ocrx_word' id='word_1_36' title='bbox 246 866 370 944; x_wconf 85' lang='lat' dir='ltr'><strong>adeptus</strong></span> <span class='ocrx_word' id='word_1_37' title='bbox 384 863 430 935; x_wconf 90' lang='lat' dir='ltr'><strong>sit,</strong></span> <span class='ocrx_word' id='word_1_38' title='bbox 447 880 507 921; x_wconf 90' lang='lat' dir='ltr'><strong>non</strong></span> <span class='ocrx_word' id='word_1_39' title='bbox 526 861 647 934; x_wconf 58' lang='lat' dir='ltr'><strong>multam</strong></span> <span class='ocrx_word' id='word_1_40' title='bbox 659 872 759 921; x_wconf 85' lang='lat' dir='ltr'><strong>tamen</strong></span> <span class='ocrx_word' id='word_1_41' title='bbox 772 860 956 921; x_wconf 78' lang='lat' dir='ltr'><strong>desidsmrit.</strong></span> <span class='ocrx_word' id='word_1_42' title='bbox 994 860 1072 921; x_wconf 89' lang='lat' dir='ltr'><strong>Cum</strong></span> <span class='ocrx_word' id='word_1_43' title='bbox 1083 858 1182 936; x_wconf 78' lang='lat' dir='ltr'><strong>igitur,</strong></span> <span class='ocrx_word' id='word_1_44' title='bbox 1201 876 1278 936; x_wconf 70' lang='lat' dir='ltr'><strong>pras·</strong></span> 
     </span>
     <span class='ocr_line' id='line_1_6' title="bbox 188 950 1277 1037; baseline -0.009 -20"><span class='ocrx_word' id='word_1_45' title='bbox 188 959 237 1017; x_wconf 86' lang='lat' dir='ltr'><strong>sul</strong></span> <span class='ocrx_word' id='word_1_46' title='bbox 250 954 432 1037; x_wconf 79' lang='lat' dir='ltr'><strong>optime,bic</strong></span> <span class='ocrx_word' id='word_1_47' title='bbox 449 954 501 1014; x_wconf 89' lang='lat' dir='ltr'><strong>tibi</strong></span> <span class='ocrx_word' id='word_1_48' title='bbox 516 972 574 1014; x_wconf 87' lang='lat' dir='ltr'><strong>non</strong></span> <span class='ocrx_word' id='word_1_49' title='bbox 587 954 730 1013; x_wconf 87' lang='lat' dir='ltr'><strong>immerito</strong></span> <span class='ocrx_word' id='word_1_50' title='bbox 748 952 822 1012; x_wconf 85' lang='lat' dir='ltr'><strong>adeo</strong></span> <span class='ocrx_word' id='word_1_51' title='bbox 834 952 962 1031; x_wconf 85' lang='lat' dir='ltr'><strong>placeat,</strong></span> <span class='ocrx_word' id='word_1_52' title='bbox 974 962 1007 1010; x_wconf 89' lang='lat' dir='ltr'><strong>ut</strong></span> <span class='ocrx_word' id='word_1_53' title='bbox 1015 951 1046 1009; x_wconf 84' lang='lat' dir='ltr'><strong>in</strong></span> <span class='ocrx_word' id='word_1_54' title='bbox 1059 950 1179 1010; x_wconf 82' lang='lat' dir='ltr'><strong>aliorum</strong></span> <span class='ocrx_word' id='word_1_55' title='bbox 1189 950 1277 1008; x_wconf 83' lang='lat' dir='ltr'><strong>etiam</strong></span> 
     </span>
     <span class='ocr_line' id='line_1_7' title="bbox 76 1041 1277 1129; baseline -0.012 -17"><span class='ocrx_word' id='word_1_56' title='bbox 76 1069 79 1079; x_wconf 60' lang='lat'><em>¹</em></span> <span class='ocrx_word' id='word_1_57' title='bbox 188 1050 354 1129; x_wconf 55' lang='lat' dir='ltr'><strong>medorum</strong></span> <span class='ocrx_word' id='word_1_58' title='bbox 372 1046 535 1109; x_wconf 86' lang='lat' dir='ltr'><strong>studiorum</strong></span> <span class='ocrx_word' id='word_1_59' title='bbox 555 1045 793 1125; x_wconf 70' lang='lat' dir='ltr'><strong>occupationibus</strong></span> <span class='ocrx_word' id='word_1_60' title='bbox 813 1044 969 1103; x_wconf 88' lang='lat' dir='ltr'><strong>lectionem</strong></span> <span class='ocrx_word' id='word_1_61' title='bbox 988 1046 1051 1119; x_wconf 85' lang='lat' dir='ltr'><strong>ejas</strong></span> <span class='ocrx_word' id='word_1_62' title='bbox 1064 1041 1118 1101; x_wconf 88' lang='lat' dir='ltr'><strong>tibi</strong></span> <span class='ocrx_word' id='word_1_63' title='bbox 1131 1058 1277 1120; x_wconf 88' lang='lat' dir='ltr'><strong>nunquam</strong></span> 
     </span>
    </p>
   </div>
   <div class='ocr_carea' id='block_1_3' title="bbox 164 1131 1350 4371">
    <p class='ocr_par' dir='ltr' id='par_1_3' title="bbox 164 1131 1350 4347">
     <span class='ocr_line' id='line_1_8' title="bbox 189 1131 1279 1217; baseline -0.012 -14"><span class='ocrx_word' id='word_1_64' title='bbox 189 1140 436 1202; x_wconf 71' lang='lat' dir='ltr'><strong>&#39;attermittsndam</strong></span> <span class='ocrx_word' id='word_1_65' title='bbox 455 1138 612 1208; x_wconf 85' lang='lat' dir='ltr'><strong>censueris,</strong></span> <span class='ocrx_word' id='word_1_66' title='bbox 632 1146 823 1217; x_wconf 84' lang='lat' dir='ltr'><strong>posteaquam</strong></span> <span class='ocrx_word' id='word_1_67' title='bbox 840 1154 969 1195; x_wconf 85' lang='lat' dir='ltr'><strong>excusus</strong></span> <span class='ocrx_word' id='word_1_68' title='bbox 984 1139 1047 1210; x_wconf 84' lang='lat' dir='ltr'><strong>jam</strong></span> <span class='ocrx_word' id='word_1_69' title='bbox 1066 1144 1122 1203; x_wconf 84' lang='lat' dir='ltr'><strong>est,</strong></span> <span class='ocrx_word' id='word_1_70' title='bbox 1140 1150 1208 1191; x_wconf 87' lang='lat' dir='ltr'><strong>sum</strong></span> <span class='ocrx_word' id='word_1_71' title='bbox 1223 1131 1279 1191; x_wconf 88' lang='lat' dir='ltr'><strong>tibi</strong></span> 
     </span>
     <span class='ocr_line' id='line_1_9' title="bbox 177 1224 1278 1306; baseline -0.01 -12"><span class='ocrx_word' id='word_1_72' title='bbox 177 1233 347 1294; x_wconf 63' lang='lat' dir='ltr'><strong>donorum</strong></span> <span class='ocrx_word' id='word_1_73' title='bbox 361 1231 440 1303; x_wconf 84' lang='lat' dir='ltr'><strong>duxi,</strong></span> <span class='ocrx_word' id='word_1_74' title='bbox 452 1232 550 1301; x_wconf 74' lang='grc' dir='ltr'><strong>ιιιιιιιῑι</strong></span> <span class='ocrx_word' id='word_1_75' title='bbox 564 1234 625 1305; x_wconf 84' lang='lat' dir='ltr'><strong>ejus</strong></span> <span class='ocrx_word' id='word_1_76' title='bbox 637 1228 755 1288; x_wconf 83' lang='lat' dir='ltr'><strong>nomiae</strong></span> <span class='ocrx_word' id='word_1_77' title='bbox 765 1228 797 1287; x_wconf 86' lang='lat' dir='ltr'><strong>in</strong></span> <span class='ocrx_word' id='word_1_78' title='bbox 809 1246 911 1293; x_wconf 82' lang='lat' dir='ltr'><strong>manus</strong></span> <span class='ocrx_word' id='word_1_79' title='bbox 923 1227 1070 1287; x_wconf 85' lang='lat' dir='ltr'><strong>bominum</strong></span> <span class='ocrx_word' id='word_1_80' title='bbox 1078 1224 1216 1306; x_wconf 84' lang='lat' dir='ltr'><strong>prodiret,</strong></span> <span class='ocrx_word' id='word_1_81' title='bbox 1229 1225 1278 1304; x_wconf 91' lang='lat' dir='ltr'><strong>qui</strong></span> 
     </span>
     <span class='ocr_line' id='line_1_10' title="bbox 190 1318 1279 1399; baseline -0.007 -15"><span class='ocrx_word' id='word_1_82' title='bbox 190 1322 267 1383; x_wconf 86' lang='lat' dir='ltr'><strong>illius</strong></span> <span class='ocrx_word' id='word_1_83' title='bbox 286 1334 363 1384; x_wconf 88' lang='lat' dir='ltr'><strong>esset</strong></span> <span class='ocrx_word' id='word_1_84' title='bbox 375 1321 609 1383; x_wconf 87' lang='lat' dir='ltr'><strong>studiosissimus.</strong></span> <span class='ocrx_word' id='word_1_85' title='bbox 650 1320 727 1399; x_wconf 84' lang='lat' dir='ltr'><strong>Tum</strong></span> <span class='ocrx_word' id='word_1_86' title='bbox 746 1320 842 1390; x_wconf 74' lang='lat' dir='ltr'><strong>edam,</strong></span> <span class='ocrx_word' id='word_1_87' title='bbox 863 1329 905 1390; x_wconf 89' lang='lat' dir='ltr'><strong>ut,</strong></span> <span class='ocrx_word' id='word_1_88' title='bbox 924 1338 992 1379; x_wconf 87' lang='lat' dir='ltr'><strong>cum</strong></span> <span class='ocrx_word' id='word_1_89' title='bbox 1003 1337 1061 1397; x_wconf 76' lang='lat' dir='ltr'><strong>ego</strong></span> <span class='ocrx_word' id='word_1_90' title='bbox 1082 1318 1114 1377; x_wconf 89' lang='lat' dir='ltr'><strong>in</strong></span> <span class='ocrx_word' id='word_1_91' title='bbox 1133 1337 1171 1376; x_wconf 91' lang='lat' dir='ltr'><strong>eo</strong></span> <span class='ocrx_word' id='word_1_92' title='bbox 1187 1336 1279 1377; x_wconf 81' lang='lat' dir='ltr'><strong>excu-</strong></span> 
     </span>
     <span class='ocr_line' id='line_1_11' title="bbox 190 1410 1280 1495; baseline -0.005 -21"><span class='ocrx_word' id='word_1_93' title='bbox 190 1415 291 1476; x_wconf 88' lang='lat' dir='ltr'><strong>dendo</strong></span> <span class='ocrx_word' id='word_1_94' title='bbox 305 1434 422 1495; x_wconf 87' lang='lat' dir='ltr'><strong>operam</strong></span> <span class='ocrx_word' id='word_1_95' title='bbox 435 1413 604 1475; x_wconf 79' lang='lat' dir='ltr'><strong>nonnullam</strong></span> <span class='ocrx_word' id='word_1_96' title='bbox 620 1411 821 1491; x_wconf 78' lang='lat' dir='ltr'>impenderim,</span> <span class='ocrx_word' id='word_1_97' title='bbox 839 1410 938 1470; x_wconf 88' lang='lat' dir='ltr'><strong>labore</strong></span> <span class='ocrx_word' id='word_1_98' title='bbox 951 1410 1008 1470; x_wconf 90' lang='lat' dir='ltr'><strong>boc</strong></span> <span class='ocrx_word' id='word_1_99' title='bbox 1021 1410 1213 1489; x_wconf 78' lang='lat' dir='ltr'><strong>qualicunque</strong></span> <span class='ocrx_word' id='word_1_100' title='bbox 1226 1410 1280 1469; x_wconf 90' lang='lat' dir='ltr'><strong>tibi</strong></span> 
     </span>
     <span class='ocr_line' id='line_1_12' title="bbox 191 1500 1281 1583; baseline -0.005 -17"><span class='ocrx_word' id='word_1_101' title='bbox 191 1506 301 1578; x_wconf 91' lang='lat' dir='ltr'><strong>oblato,</strong></span> <span class='ocrx_word' id='word_1_102' title='bbox 315 1506 508 1567; x_wconf 67' lang='lat' dir='ltr'><strong>observantiae</strong></span> <span class='ocrx_word' id='word_1_103' title='bbox 521 1505 551 1563; x_wconf 92' lang='lat' dir='ltr'><strong>in</strong></span> <span class='ocrx_word' id='word_1_104' title='bbox 565 1514 595 1564; x_wconf 91' lang='lat' dir='ltr'><strong>te</strong></span> <span class='ocrx_word' id='word_1_105' title='bbox 606 1520 689 1575; x_wconf 77' lang='lat' dir='ltr'><strong>mess,</strong></span> <span class='ocrx_word' id='word_1_106' title='bbox 701 1522 758 1582; x_wconf 89' lang='lat' dir='ltr'><strong>qua</strong></span> <span class='ocrx_word' id='word_1_107' title='bbox 767 1500 865 1563; x_wconf 90' lang='lat' dir='ltr'><strong>multis</strong></span> <span class='ocrx_word' id='word_1_108' title='bbox 879 1504 917 1563; x_wconf 91' lang='lat' dir='ltr'><strong>de</strong></span> <span class='ocrx_word' id='word_1_109' title='bbox 932 1503 1027 1563; x_wconf 88' lang='lat' dir='ltr'><strong>causis</strong></span> <span class='ocrx_word' id='word_1_110' title='bbox 1034 1508 1096 1578; x_wconf 87' lang='lat' dir='ltr'><strong>jam</strong></span> <span class='ocrx_word' id='word_1_111' title='bbox 1109 1503 1159 1562; x_wconf 88' lang='lat' dir='ltr'><strong>diu</strong></span> <span class='ocrx_word' id='word_1_112' title='bbox 1169 1515 1200 1563; x_wconf 91' lang='lat' dir='ltr'><strong>te</strong></span> <span class='ocrx_word' id='word_1_113' title='bbox 1212 1524 1281 1583; x_wconf 88' lang='lat' dir='ltr'><strong>pro·</strong></span> 
     </span>
     <span class='ocr_line' id='line_1_13' title="bbox 191 1594 1282 1677; baseline -0.005 -19"><span class='ocrx_word' id='word_1_114' title='bbox 191 1616 310 1677; x_wconf 80' lang='lat' dir='ltr'><strong>aequor,</strong></span> <span class='ocrx_word' id='word_1_115' title='bbox 326 1596 522 1675; x_wconf 69' lang='lat' dir='ltr'><strong>significando</strong></span> <span class='ocrx_word' id='word_1_116' title='bbox 535 1594 650 1655; x_wconf 80' lang='lat' dir='ltr'><strong>occasio</strong></span> <span class='ocrx_word' id='word_1_117' title='bbox 660 1594 729 1653; x_wconf 88' lang='lat' dir='ltr'><strong>mibi</strong></span> <span class='ocrx_word' id='word_1_118' title='bbox 742 1594 771 1653; x_wconf 91' lang='lat' dir='ltr'><strong>in</strong></span> <span class='ocrx_word' id='word_1_119' title='bbox 782 1596 938 1673; x_wconf 72' lang='lat' dir='ltr'><strong>presentia</strong></span> <span class='ocrx_word' id='word_1_120' title='bbox 948 1596 1076 1655; x_wconf 67' lang='lat' dir='ltr'><strong>darant.</strong></span> <span class='ocrx_word' id='word_1_121' title='bbox 1117 1594 1193 1653; x_wconf 85' lang='lat' dir='ltr'><strong>Nam</strong></span> <span class='ocrx_word' id='word_1_122' title='bbox 1206 1616 1282 1675; x_wconf 75' lang='lat' dir='ltr'><strong>prue-</strong></span> 
     </span>
     <span class='ocr_line' id='line_1_14' title="bbox 192 1685 1280 1768; baseline -0.004 -19"><span class='ocrx_word' id='word_1_123' title='bbox 192 1698 336 1768; x_wconf 85' lang='lat' dir='ltr'><strong>tcrquam,</strong></span> <span class='ocrx_word' id='word_1_124' title='bbox 346 1689 425 1767; x_wconf 87' lang='lat' dir='ltr'><strong>quod</strong></span> <span class='ocrx_word' id='word_1_125' title='bbox 436 1698 529 1747; x_wconf 83' lang='lat' dir='ltr'><strong>vestra</strong></span> <span class='ocrx_word' id='word_1_126' title='bbox 540 1688 596 1746; x_wconf 91' lang='lat' dir='ltr'><strong>ista</strong></span> <span class='ocrx_word' id='word_1_127' title='bbox 607 1686 715 1747; x_wconf 84' lang='lat' dir='ltr'><strong>familia</strong></span> <span class='ocrx_word' id='word_1_128' title='bbox 728 1698 791 1745; x_wconf 92' lang='lat' dir='ltr'><strong>tum</strong></span> <span class='ocrx_word' id='word_1_129' title='bbox 799 1704 912 1745; x_wconf 90' lang='lat' dir='ltr'><strong>morum</strong></span> <span class='ocrx_word' id='word_1_130' title='bbox 924 1685 1090 1765; x_wconf 79' lang='lat' dir='ltr'><strong>integritate</strong></span> <span class='ocrx_word' id='word_1_131' title='bbox 1099 1704 1136 1745; x_wconf 91' lang='lat' dir='ltr'><strong>ac</strong></span> <span class='ocrx_word' id='word_1_132' title='bbox 1143 1685 1280 1745; x_wconf 82' lang='lat' dir='ltr'><strong>virtutum</strong></span> 
     </span>
     <span class='ocr_line' id='line_1_15' title="bbox 190 1776 1350 1859; baseline -0.001 -19"><span class='ocrx_word' id='word_1_133' title='bbox 190 1778 357 1859; x_wconf 78' lang='lat' dir='ltr'><strong>splendore,</strong></span> <span class='ocrx_word' id='word_1_134' title='bbox 372 1791 432 1838; x_wconf 88' lang='lat' dir='ltr'><strong>turn</strong></span> <span class='ocrx_word' id='word_1_135' title='bbox 453 1779 669 1857; x_wconf 90' lang='lat' dir='ltr'><strong>imperatorum,</strong></span> <span class='ocrx_word' id='word_1_136' title='bbox 688 1796 811 1858; x_wconf 84' lang='lat' dir='ltr'><strong>quonam</strong></span> <span class='ocrx_word' id='word_1_137' title='bbox 826 1777 913 1857; x_wconf 88' lang='lat' dir='ltr'><strong>copia</strong></span> <span class='ocrx_word' id='word_1_138' title='bbox 931 1777 1056 1836; x_wconf 83' lang='lat' dir='ltr'><strong>maxime</strong></span> <span class='ocrx_word' id='word_1_139' title='bbox 1069 1776 1175 1847; x_wconf 85' lang='lat' dir='ltr'><strong>flonrit,</strong></span> <span class='ocrx_word' id='word_1_140' title='bbox 1187 1777 1282 1855; x_wconf 79' lang='lat' dir='ltr'><strong>gloria</strong></span> <span class='ocrx_word' id='word_1_141' title='bbox 1346 1838 1350 1845; x_wconf 79' lang='grc'><em>,</em></span> 
     </span>
     <span class='ocr_line' id='line_1_16' title="bbox 190 1868 1281 1951; baseline -0.005 -19"><span class='ocrx_word' id='word_1_142' title='bbox 190 1884 224 1933; x_wconf 86' lang='lat' dir='ltr'><strong>et</strong></span> <span class='ocrx_word' id='word_1_143' title='bbox 241 1891 336 1931; x_wconf 86' lang='lat' dir='ltr'><strong>rorum</strong></span> <span class='ocrx_word' id='word_1_144' title='bbox 354 1878 499 1951; x_wconf 80' lang='lat' dir='ltr'><strong>gestarum</strong></span> <span class='ocrx_word' id='word_1_145' title='bbox 521 1869 720 1949; x_wconf 90' lang='lat' dir='ltr'><strong>amplitudine,</strong></span> <span class='ocrx_word' id='word_1_146' title='bbox 741 1870 978 1943; x_wconf 76' lang='lat' dir='ltr'><strong>tumLeonardi,</strong></span> <span class='ocrx_word' id='word_1_147' title='bbox 999 1868 1045 1928; x_wconf 85' lang='lat' dir='ltr'><strong>ari</strong></span> <span class='ocrx_word' id='word_1_148' title='bbox 1065 1869 1118 1940; x_wconf 91' lang='lat' dir='ltr'><strong>tui,</strong></span> <span class='ocrx_word' id='word_1_149' title='bbox 1139 1868 1281 1947; x_wconf 88' lang='lat' dir='ltr'><strong>Principis</strong></span> 
     </span>
     <span class='ocr_line' id='line_1_17' title="bbox 189 1960 1282 2041; baseline 0 -20"><span class='ocrx_word' id='word_1_150' title='bbox 189 1961 304 2041; x_wconf 82' lang='lat' dir='ltr'><strong>optimi,</strong></span> <span class='ocrx_word' id='word_1_151' title='bbox 327 1960 504 2040; x_wconf 71' lang='lat' dir='ltr'><strong>prestantia,</strong></span> <span class='ocrx_word' id='word_1_152' title='bbox 528 1978 564 2021; x_wconf 91' lang='lat' dir='ltr'><strong>ac</strong></span> <span class='ocrx_word' id='word_1_153' title='bbox 586 1960 727 2039; x_wconf 83' lang='lat' dir='ltr'><strong>dignitate</strong></span> <span class='ocrx_word' id='word_1_154' title='bbox 750 1962 892 2021; x_wconf 88' lang='lat' dir='ltr'><strong>illustrata</strong></span> <span class='ocrx_word' id='word_1_155' title='bbox 908 1960 982 2021; x_wconf 87' lang='lat' dir='ltr'><strong>adeo</strong></span> <span class='ocrx_word' id='word_1_156' title='bbox 1003 1961 1081 2019; x_wconf 90' lang='lat' dir='ltr'><strong>clara</strong></span> <span class='ocrx_word' id='word_1_157' title='bbox 1101 1979 1137 2019; x_wconf 88' lang='lat' dir='ltr'><strong>ac</strong></span> <span class='ocrx_word' id='word_1_158' title='bbox 1158 1960 1282 2021; x_wconf 86' lang='lat' dir='ltr'><strong>celebris</strong></span> 
     </span>
     <span class='ocr_line' id='line_1_18' title="bbox 190 2051 1283 2132; baseline -0.003 -18"><span class='ocrx_word' id='word_1_159' title='bbox 190 2072 308 2132; x_wconf 84' lang='lat' dir='ltr'><strong>semper</strong></span> <span class='ocrx_word' id='word_1_160' title='bbox 320 2052 386 2125; x_wconf 86' lang='lat' dir='ltr'><strong>fuit,</strong></span> <span class='ocrx_word' id='word_1_161' title='bbox 400 2064 434 2111; x_wconf 92' lang='lat' dir='ltr'><strong>ut</strong></span> <span class='ocrx_word' id='word_1_162' title='bbox 444 2052 599 2113; x_wconf 88' lang='lat' dir='ltr'><strong>conciliare</strong></span> <span class='ocrx_word' id='word_1_163' title='bbox 612 2052 667 2112; x_wconf 90' lang='lat' dir='ltr'><strong>sibi</strong></span> <span class='ocrx_word' id='word_1_164' title='bbox 678 2051 787 2113; x_wconf 88' lang='lat' dir='ltr'><strong>animos</strong></span> <span class='ocrx_word' id='word_1_165' title='bbox 802 2054 930 2113; x_wconf 87' lang='lat' dir='ltr'><strong>omnium</strong></span> <span class='ocrx_word' id='word_1_166' title='bbox 941 2052 1030 2113; x_wconf 83' lang='lat' dir='ltr'><strong>facile</strong></span> <span class='ocrx_word' id='word_1_167' title='bbox 1042 2052 1179 2131; x_wconf 79' lang='lat' dir='ltr'><strong>potuerit,</strong></span> <span class='ocrx_word' id='word_1_168' title='bbox 1191 2064 1283 2131; x_wconf 88' lang='lat' dir='ltr'><strong>atque</strong></span> 
     </span>
     <span class='ocr_line' id='line_1_19' title="bbox 189 2143 1283 2227; baseline -0.004 -20"><span class='ocrx_word' id='word_1_169' title='bbox 189 2148 229 2207; x_wconf 90' lang='lat' dir='ltr'><strong>ob</strong></span> <span class='ocrx_word' id='word_1_170' title='bbox 241 2145 275 2205; x_wconf 89' lang='lat' dir='ltr'><strong>id</strong></span> <span class='ocrx_word' id='word_1_171' title='bbox 287 2146 349 2225; x_wconf 84' lang='lat' dir='ltr'><strong>ipse</strong></span> <span class='ocrx_word' id='word_1_172' title='bbox 360 2146 447 2205; x_wconf 89' lang='lat' dir='ltr'><strong>etiam</strong></span> <span class='ocrx_word' id='word_1_173' title='bbox 459 2144 605 2205; x_wconf 88' lang='lat' dir='ltr'><strong>communi</strong></span> <span class='ocrx_word' id='word_1_174' title='bbox 614 2144 732 2204; x_wconf 87' lang='lat' dir='ltr'><strong>nominc</strong></span> <span class='ocrx_word' id='word_1_175' title='bbox 742 2165 888 2227; x_wconf 89' lang='lat' dir='ltr'><strong>propenso</strong></span> <span class='ocrx_word' id='word_1_176' title='bbox 902 2164 974 2222; x_wconf 84' lang='lat' dir='ltr'><strong>erga</strong></span> <span class='ocrx_word' id='word_1_177' title='bbox 983 2163 1050 2203; x_wconf 86' lang='lat' dir='ltr'><strong>eam</strong></span> <span class='ocrx_word' id='word_1_178' title='bbox 1063 2143 1283 2222; x_wconf 90' lang='lat' dir='ltr'><strong>animosemper</strong></span> 
     </span>
     <span class='ocr_line' id='line_1_20' title="bbox 190 2235 1284 2317; baseline -0.003 -21"><span class='ocrx_word' id='word_1_179' title='bbox 190 2237 305 2309; x_wconf 77' lang='lat' dir='ltr'><strong>fuerim,</strong></span> <span class='ocrx_word' id='word_1_180' title='bbox 319 2238 432 2317; x_wconf 82' lang='lat' dir='ltr'><strong>priuata</strong></span> <span class='ocrx_word' id='word_1_181' title='bbox 451 2248 549 2297; x_wconf 86' lang='lat' dir='ltr'><strong>tamen</strong></span> <span class='ocrx_word' id='word_1_182' title='bbox 566 2256 654 2297; x_wconf 84' lang='lat' dir='ltr'><strong>causa</strong></span> <span class='ocrx_word' id='word_1_183' title='bbox 667 2247 754 2315; x_wconf 84' lang='lat' dir='ltr'><strong>atque</strong></span> <span class='ocrx_word' id='word_1_184' title='bbox 766 2238 816 2295; x_wconf 87' lang='lat' dir='ltr'><strong>illa</strong></span> <span class='ocrx_word' id='word_1_185' title='bbox 834 2236 960 2313; x_wconf 84' lang='lat' dir='ltr'><strong>quidem·</strong></span> <span class='ocrx_word' id='word_1_186' title='bbox 971 2245 1030 2293; x_wconf 90' lang='lat' dir='ltr'><strong>tam</strong></span> <span class='ocrx_word' id='word_1_187' title='bbox 1048 2235 1144 2312; x_wconf 80' lang='lat' dir='ltr'><strong>gravis</strong></span> <span class='ocrx_word' id='word_1_188' title='bbox 1156 2237 1284 2294; x_wconf 79' lang='lat' dir='ltr'><strong>benem-</strong></span> 
     </span>
     <span class='ocr_line' id='line_1_21' title="bbox 191 2326 1284 2411; baseline -0.001 -23"><span class='ocrx_word' id='word_1_189' title='bbox 191 2328 290 2390; x_wconf 86' lang='lat' dir='ltr'><strong>lentiae</strong></span> <span class='ocrx_word' id='word_1_190' title='bbox 303 2329 373 2388; x_wconf 90' lang='lat' dir='ltr'><strong>mibi</strong></span> <span class='ocrx_word' id='word_1_191' title='bbox 390 2329 525 2411; x_wconf 83' lang='lat' dir='ltr'><strong>accessit,</strong></span> <span class='ocrx_word' id='word_1_192' title='bbox 537 2339 571 2387; x_wconf 92' lang='lat' dir='ltr'><strong>ut</strong></span> <span class='ocrx_word' id='word_1_193' title='bbox 582 2326 732 2406; x_wconf 82' lang='lat' dir='ltr'><strong>nunquam</strong></span> <span class='ocrx_word' id='word_1_194' title='bbox 746 2346 811 2386; x_wconf 86' lang='lat' dir='ltr'><strong>eam</strong></span> <span class='ocrx_word' id='word_1_195' title='bbox 830 2346 870 2386; x_wconf 83' lang='lat' dir='ltr'><strong>ex</strong></span> <span class='ocrx_word' id='word_1_196' title='bbox 884 2326 979 2385; x_wconf 88' lang='lat' dir='ltr'><strong>auimo</strong></span> <span class='ocrx_word' id='word_1_197' title='bbox 993 2345 1060 2386; x_wconf 91' lang='lat' dir='ltr'><strong>meo</strong></span> <span class='ocrx_word' id='word_1_198' title='bbox 1071 2328 1169 2405; x_wconf 90' lang='lat' dir='ltr'><strong>quoad</strong></span> <span class='ocrx_word' id='word_1_199' title='bbox 1181 2328 1284 2387; x_wconf 81' lang='lat' dir='ltr'><strong>vixero</strong></span> 
     </span>
     <span class='ocr_line' id='line_1_22' title="bbox 192 2418 1284 2499; baseline -0.001 -19"><span class='ocrx_word' id='word_1_200' title='bbox 192 2418 254 2480; x_wconf 87' lang='lat' dir='ltr'><strong>ulla</strong></span> <span class='ocrx_word' id='word_1_201' title='bbox 263 2420 397 2480; x_wconf 88' lang='lat' dir='ltr'><strong>deletura</strong></span> <span class='ocrx_word' id='word_1_202' title='bbox 417 2420 523 2481; x_wconf 80' lang='lat' dir='ltr'><strong>oblivio</strong></span> <span class='ocrx_word' id='word_1_203' title='bbox 542 2420 589 2487; x_wconf 88' lang='lat' dir='ltr'><strong>sit,</strong></span> <span class='ocrx_word' id='word_1_204' title='bbox 604 2418 760 2489; x_wconf 87' lang='lat' dir='ltr'><strong>Antonius,</strong></span> <span class='ocrx_word' id='word_1_205' title='bbox 782 2418 914 2479; x_wconf 88' lang='lat' dir='ltr'><strong>omnibus</strong></span> <span class='ocrx_word' id='word_1_206' title='bbox 927 2418 1055 2497; x_wconf 89' lang='lat' dir='ltr'><strong>quidem,</strong></span> <span class='ocrx_word' id='word_1_207' title='bbox 1074 2418 1124 2499; x_wconf 89' lang='lat' dir='ltr'><strong>qni</strong></span> <span class='ocrx_word' id='word_1_208' title='bbox 1137 2418 1216 2478; x_wconf 92' lang='lat' dir='ltr'><strong>illum</strong></span> <span class='ocrx_word' id='word_1_209' title='bbox 1229 2440 1284 2479; x_wconf 92' lang='lat' dir='ltr'><strong>no-</strong></span> 
     </span>
     <span class='ocr_line' id='line_1_23' title="bbox 193 2508 1284 2592; baseline 0.001 -20"><span class='ocrx_word' id='word_1_210' title='bbox 193 2524 309 2584; x_wconf 78' lang='lat' dir='ltr'><strong>verunt,</strong></span> <span class='ocrx_word' id='word_1_211' title='bbox 321 2532 381 2572; x_wconf 92' lang='lat' dir='ltr'><strong>non</strong></span> <span class='ocrx_word' id='word_1_212' title='bbox 394 2512 457 2572; x_wconf 87' lang='lat' dir='ltr'><strong>siae</strong></span> <span class='ocrx_word' id='word_1_213' title='bbox 470 2508 640 2592; x_wconf 74' lang='lat' dir='ltr'><strong>proel&#39;atione</strong></span> <span class='ocrx_word' id='word_1_214' title='bbox 659 2510 850 2574; x_wconf 86' lang='lat' dir='ltr'><strong>nominandus</strong></span> <span class='ocrx_word' id='word_1_215' title='bbox 862 2512 953 2580; x_wconf 83' lang='lat' dir='ltr'><strong>frater</strong></span> <span class='ocrx_word' id='word_1_216' title='bbox 972 2522 1049 2572; x_wconf 88' lang='lat' dir='ltr'><strong>tuus.</strong></span> <span class='ocrx_word' id='word_1_217' title='bbox 1062 2512 1112 2592; x_wconf 88' lang='lat' dir='ltr'><strong>qui</strong></span> <span class='ocrx_word' id='word_1_218' title='bbox 1127 2532 1193 2572; x_wconf 87' lang='lat' dir='ltr'><strong>cum</strong></span> <span class='ocrx_word' id='word_1_219' title='bbox 1212 2512 1284 2573; x_wconf 91' lang='lat' dir='ltr'><strong>ado·</strong></span> 
     </span>
     <span class='ocr_line' id='line_1_24' title="bbox 193 2603 1284 2684; baseline 0 -20"><span class='ocrx_word' id='word_1_220' title='bbox 193 2605 345 2664; x_wconf 79' lang='lat' dir='ltr'><strong>lescentiae</strong></span> <span class='ocrx_word' id='word_1_221' title='bbox 357 2623 448 2664; x_wconf 87' lang='lat' dir='ltr'><strong>annos</strong></span> <span class='ocrx_word' id='word_1_222' title='bbox 462 2603 592 2662; x_wconf 89' lang='lat' dir='ltr'><strong>nondum</strong></span> <span class='ocrx_word' id='word_1_223' title='bbox 614 2604 796 2676; x_wconf 77' lang='lat' dir='ltr'><strong>excessisset,</strong></span> <span class='ocrx_word' id='word_1_224' title='bbox 811 2617 842 2664; x_wconf 91' lang='lat' dir='ltr'><strong>et</strong></span> <span class='ocrx_word' id='word_1_225' title='bbox 855 2605 945 2664; x_wconf 89' lang='lat' dir='ltr'><strong>abbas</strong></span> <span class='ocrx_word' id='word_1_226' title='bbox 959 2605 1067 2664; x_wconf 88' lang='lat' dir='ltr'><strong>electus</strong></span> <span class='ocrx_word' id='word_1_227' title='bbox 1084 2614 1164 2664; x_wconf 89' lang='lat' dir='ltr'><strong>tanta</strong></span> <span class='ocrx_word' id='word_1_228' title='bbox 1175 2603 1284 2684; x_wconf 75' lang='lat' dir='ltr'><strong>ingentii</strong></span> 
     </span>
     <span class='ocr_line' id='line_1_25' title="bbox 192 2693 1284 2776; baseline 0.003 -22"><span class='ocrx_word' id='word_1_229' title='bbox 192 2694 376 2776; x_wconf 85' lang='lat' dir='ltr'><strong>perspicacia</strong></span> <span class='ocrx_word' id='word_1_230' title='bbox 386 2705 465 2756; x_wconf 88' lang='lat' dir='ltr'><strong>essct</strong></span> <span class='ocrx_word' id='word_1_231' title='bbox 476 2693 623 2774; x_wconf 77' lang='lat' dir='ltr'><strong>praeditus,</strong></span> <span class='ocrx_word' id='word_1_232' title='bbox 638 2707 720 2756; x_wconf 88' lang='lat' dir='ltr'><strong>tanto</strong></span> <span class='ocrx_word' id='word_1_233' title='bbox 735 2697 930 2767; x_wconf 84' lang='lat' dir='ltr'><strong>scientiarum,</strong></span> <span class='ocrx_word' id='word_1_234' title='bbox 940 2706 971 2755; x_wconf 87' lang='lat' dir='ltr'><strong>et</strong></span> <span class='ocrx_word' id='word_1_235' title='bbox 979 2697 1126 2756; x_wconf 82' lang='lat' dir='ltr'><strong>literarum</strong></span> <span class='ocrx_word' id='word_1_236' title='bbox 1136 2699 1284 2776; x_wconf 71' lang='lat' dir='ltr'><strong>praecipue</strong></span> 
     </span>
     <span class='ocr_line' id='line_1_26' title="bbox 193 2786 1285 2868; baseline 0 -19"><span class='ocrx_word' id='word_1_237' title='bbox 193 2807 342 2850; x_wconf 78' lang='lat' dir='ltr'><strong>sacmrum</strong></span> <span class='ocrx_word' id='word_1_238' title='bbox 355 2806 454 2846; x_wconf 87' lang='lat' dir='ltr'><strong>amore</strong></span> <span class='ocrx_word' id='word_1_239' title='bbox 464 2786 667 2858; x_wconf 82' lang='lat' dir='ltr'><strong>inflammatus,</strong></span> <span class='ocrx_word' id='word_1_240' title='bbox 682 2798 763 2850; x_wconf 82' lang='lat' dir='ltr'><strong>tanta</strong></span> <span class='ocrx_word' id='word_1_241' title='bbox 776 2789 806 2846; x_wconf 90' lang='lat' dir='ltr'><strong>in</strong></span> <span class='ocrx_word' id='word_1_242' title='bbox 820 2788 946 2866; x_wconf 82' lang='lat' dir='ltr'><strong>negotiis</strong></span> <span class='ocrx_word' id='word_1_243' title='bbox 959 2789 1115 2848; x_wconf 82' lang='lat' dir='ltr'><strong>tractandis</strong></span> <span class='ocrx_word' id='word_1_244' title='bbox 1130 2790 1285 2868; x_wconf 86' lang='lat' dir='ltr'><strong>prudentia</strong></span> 
     </span>
     <span class='ocr_line' id='line_1_27' title="bbox 192 2877 1284 2965; baseline 0.003 -25"><span class='ocrx_word' id='word_1_245' title='bbox 192 2881 358 2965; x_wconf 69' lang='lat' dir='ltr'><strong>instructus,</strong></span> <span class='ocrx_word' id='word_1_246' title='bbox 379 2890 412 2938; x_wconf 88' lang='lat' dir='ltr'><strong>ut</strong></span> <span class='ocrx_word' id='word_1_247' title='bbox 433 2898 473 2939; x_wconf 85' lang='lat' dir='ltr'><strong>ex</strong></span> <span class='ocrx_word' id='word_1_248' title='bbox 491 2879 550 2938; x_wconf 90' lang='lat' dir='ltr'><strong>ista</strong></span> <span class='ocrx_word' id='word_1_249' title='bbox 567 2877 677 2938; x_wconf 88' lang='lat' dir='ltr'><strong>familia</strong></span> <span class='ocrx_word' id='word_1_250' title='bbox 693 2880 845 2960; x_wconf 89' lang='lat' dir='ltr'><strong>prodiisse,</strong></span> <span class='ocrx_word' id='word_1_251' title='bbox 865 2880 947 2959; x_wconf 88' lang='lat' dir='ltr'><strong>quasi</strong></span> <span class='ocrx_word' id='word_1_252' title='bbox 964 2880 1142 2959; x_wconf 71' lang='lat' dir='ltr'><strong>praecipuum</strong></span> <span class='ocrx_word' id='word_1_253' title='bbox 1163 2901 1284 2959; x_wconf 82' lang='lat' dir='ltr'><strong>germen</strong></span> 
     </span>
     <span class='ocr_line' id='line_1_28' title="bbox 191 2970 1284 3052; baseline 0 -19"><span class='ocrx_word' id='word_1_254' title='bbox 191 2982 410 3052; x_wconf 78' lang='lat' dir='ltr'><strong>agnosceretur,</strong></span> <span class='ocrx_word' id='word_1_255' title='bbox 425 2982 457 3030; x_wconf 89' lang='lat' dir='ltr'><strong>et</strong></span> <span class='ocrx_word' id='word_1_256' title='bbox 470 2970 623 3030; x_wconf 87' lang='lat' dir='ltr'><strong>sacerdotii</strong></span> <span class='ocrx_word' id='word_1_257' title='bbox 638 2970 719 3030; x_wconf 89' lang='lat' dir='ltr'><strong>istius</strong></span> <span class='ocrx_word' id='word_1_258' title='bbox 733 2972 838 3050; x_wconf 84' lang='lat' dir='ltr'><strong>praesul</strong></span> <span class='ocrx_word' id='word_1_259' title='bbox 852 2972 1033 3052; x_wconf 77' lang='lat' dir='ltr'><strong>dignissimus</strong></span> <span class='ocrx_word' id='word_1_260' title='bbox 1041 2978 1102 3048; x_wconf 90' lang='lat' dir='ltr'><strong>jam</strong></span> <span class='ocrx_word' id='word_1_261' title='bbox 1116 2973 1284 3046; x_wconf 88' lang='lat' dir='ltr'><strong>baberetur,</strong></span> 
     </span>
     <span class='ocr_line' id='line_1_29' title="bbox 193 3063 1285 3144; baseline 0.001 -20"><span class='ocrx_word' id='word_1_262' title='bbox 193 3084 251 3136; x_wconf 93' lang='lat' dir='ltr'><strong>me,</strong></span> <span class='ocrx_word' id='word_1_263' title='bbox 268 3083 287 3124; x_wconf 91' lang='lat' dir='ltr'><strong>a</strong></span> <span class='ocrx_word' id='word_1_264' title='bbox 304 3084 362 3144; x_wconf 91' lang='lat' dir='ltr'><strong>quo</strong></span> <span class='ocrx_word' id='word_1_265' title='bbox 380 3081 563 3143; x_wconf 89' lang='lat' dir='ltr'><strong>summopere</strong></span> <span class='ocrx_word' id='word_1_266' title='bbox 582 3063 800 3141; x_wconf 81' lang='lat' dir='ltr'><strong>observabatur,</strong></span> <span class='ocrx_word' id='word_1_267' title='bbox 814 3066 940 3124; x_wconf 81' lang='lat' dir='ltr'><strong>maxima</strong></span> <span class='ocrx_word' id='word_1_268' title='bbox 953 3067 1182 3144; x_wconf 85' lang='lat' dir='ltr'><strong>prosequebatur</strong></span> <span class='ocrx_word' id='word_1_269' title='bbox 1195 3067 1285 3126; x_wconf 85' lang='lat' dir='ltr'><strong>bene·</strong></span> 
     </span>
     <span class='ocr_line' id='line_1_30' title="bbox 192 3154 1286 3238; baseline 0 -20"><span class='ocrx_word' id='word_1_270' title='bbox 192 3157 329 3228; x_wconf 81' lang='lat' dir='ltr'><strong>volentia,</strong></span> <span class='ocrx_word' id='word_1_271' title='bbox 340 3168 429 3236; x_wconf 87' lang='lat' dir='ltr'><strong>atque</strong></span> <span class='ocrx_word' id='word_1_272' title='bbox 442 3155 516 3216; x_wconf 88' lang='lat' dir='ltr'><strong>inter</strong></span> <span class='ocrx_word' id='word_1_273' title='bbox 530 3175 580 3216; x_wconf 88' lang='lat' dir='ltr'><strong>cos</strong></span> <span class='ocrx_word' id='word_1_274' title='bbox 595 3154 755 3234; x_wconf 85' lang='lat' dir='ltr'><strong>delegerat,</strong></span> <span class='ocrx_word' id='word_1_275' title='bbox 767 3157 939 3236; x_wconf 89' lang='lat' dir='ltr'><strong>quibuscum</strong></span> <span class='ocrx_word' id='word_1_276' title='bbox 947 3177 1147 3238; x_wconf 71' lang='lat' dir='ltr'><strong>sepenumero</strong></span> <span class='ocrx_word' id='word_1_277' title='bbox 1157 3179 1286 3219; x_wconf 81' lang='lat' dir='ltr'><strong>versere-</strong></span> 
     </span>
     <span class='ocr_line' id='line_1_31' title="bbox 193 3239 1285 3332; baseline 0.003 -23"><span class='ocrx_word' id='word_1_278' title='bbox 193 3261 251 3320; x_wconf 89' lang='lat' dir='ltr'><strong>tur,</strong></span> <span class='ocrx_word' id='word_1_279' title='bbox 273 3267 309 3309; x_wconf 89' lang='lat' dir='ltr'><strong>ac</strong></span> <span class='ocrx_word' id='word_1_280' title='bbox 328 3249 366 3308; x_wconf 87' lang='lat' dir='ltr'><strong>de</strong></span> <span class='ocrx_word' id='word_1_281' title='bbox 384 3248 533 3308; x_wconf 89' lang='lat' dir='ltr'><strong>literarum</strong></span> <span class='ocrx_word' id='word_1_282' title='bbox 555 3248 654 3308; x_wconf 88' lang='lat' dir='ltr'><strong>studiis</strong></span> <span class='ocrx_word' id='word_1_283' title='bbox 675 3248 902 3327; x_wconf 56' lang='lat' dir='ltr'><strong>colloquereturr</strong></span> <span class='ocrx_word' id='word_1_284' title='bbox 918 3261 952 3308; x_wconf 88' lang='lat' dir='ltr'><strong>ut</strong></span> <span class='ocrx_word' id='word_1_285' title='bbox 971 3239 1133 3332; x_wconf 78' lang='lat' dir='ltr'><strong>temperare</strong></span> <span class='ocrx_word' id='word_1_286' title='bbox 1152 3249 1285 3312; x_wconf 88' lang='lat' dir='ltr'><strong>adolore</strong></span> 
     </span>
     <span class='ocr_line' id='line_1_32' title="bbox 195 3341 1283 3450; baseline 0.004 -50"><span class='ocrx_word' id='word_1_287' title='bbox 195 3341 339 3402; x_wconf 88' lang='lat' dir='ltr'><strong>interdum</strong></span> <span class='ocrx_word' id='word_1_288' title='bbox 356 3341 404 3400; x_wconf 76' lang='lat' dir='ltr'><strong>vis</strong></span> <span class='ocrx_word' id='word_1_289' title='bbox 423 3341 541 3420; x_wconf 89' lang='lat' dir='ltr'><strong>possim,</strong></span> <span class='ocrx_word' id='word_1_290' title='bbox 563 3359 629 3400; x_wconf 87' lang='lat' dir='ltr'><strong>cum</strong></span> <span class='ocrx_word' id='word_1_291' title='bbox 649 3341 787 3400; x_wconf 87' lang='lat' dir='ltr'><strong>memoria</strong></span> <span class='ocrx_word' id='word_1_292' title='bbox 804 3353 917 3446; x_wconf 89' lang='lat' dir='ltr'><strong>repeto,</strong></span> <span class='ocrx_word' id='word_1_293' title='bbox 941 3361 1027 3450; x_wconf 81' lang='lat' dir='ltr'><strong>quam</strong></span> <span class='ocrx_word' id='word_1_294' title='bbox 1045 3353 1168 3421; x_wconf 89' lang='lat' dir='ltr'><strong>repente</strong></span> <span class='ocrx_word' id='word_1_295' title='bbox 1186 3355 1283 3404; x_wconf 77' lang='lat' dir='ltr'><strong>morte</strong></span> 
     </span>
     <span class='ocr_line' id='line_1_33' title="bbox 194 3432 1285 3514; baseline 0.005 -21"><span class='ocrx_word' id='word_1_296' title='bbox 194 3443 359 3514; x_wconf 72' lang='lat' dir='ltr'><strong>praeventus</strong></span> <span class='ocrx_word' id='word_1_297' title='bbox 372 3453 411 3492; x_wconf 85' lang='lat' dir='ltr'><strong>ex</strong></span> <span class='ocrx_word' id='word_1_298' title='bbox 422 3432 570 3494; x_wconf 90' lang='lat' dir='ltr'><strong>hominum</strong></span> <span class='ocrx_word' id='word_1_299' title='bbox 584 3434 795 3494; x_wconf 87' lang='lat' dir='ltr'><strong>consuetudine</strong></span> <span class='ocrx_word' id='word_1_300' title='bbox 809 3435 938 3494; x_wconf 85' lang='lat' dir='ltr'><strong>maxima</strong></span> <span class='ocrx_word' id='word_1_301' title='bbox 950 3434 1079 3494; x_wconf 90' lang='lat' dir='ltr'><strong>omnium</strong></span> <span class='ocrx_word' id='word_1_302' title='bbox 1093 3455 1159 3494; x_wconf 91' lang='lat' dir='ltr'><strong>cum</strong></span> <span class='ocrx_word' id='word_1_303' title='bbox 1167 3437 1285 3514; x_wconf 81' lang='lat' dir='ltr'><strong>J‘aotura</strong></span> 
     </span>
     <span class='ocr_line' id='line_1_34' title="bbox 194 3524 1285 3606; baseline 0.005 -20"><span class='ocrx_word' id='word_1_304' title='bbox 194 3537 235 3586; x_wconf 90' lang='lat' dir='ltr'><strong>et</strong></span> <span class='ocrx_word' id='word_1_305' title='bbox 238 3544 361 3586; x_wconf 87' lang='lat' dir='ltr'><strong>moerore</strong></span> <span class='ocrx_word' id='word_1_306' title='bbox 374 3525 503 3584; x_wconf 88' lang='lat' dir='ltr'><strong>sublatus</strong></span> <span class='ocrx_word' id='word_1_307' title='bbox 512 3524 624 3584; x_wconf 83' lang='lat' dir='ltr'><strong>fuerit&#39;</strong></span> <span class='ocrx_word' id='word_1_308' title='bbox 616 3546 647 3585; x_wconf 88' lang='grc' dir='ltr'><strong>ιιι</strong></span> <span class='ocrx_word' id='word_1_309' title='bbox 657 3537 767 3586; x_wconf 83' lang='lat' dir='ltr'><strong>tantam</strong></span> <span class='ocrx_word' id='word_1_310' title='bbox 782 3527 858 3585; x_wconf 90' lang='lat' dir='ltr'><strong>enim</strong></span> <span class='ocrx_word' id='word_1_311' title='bbox 872 3547 954 3606; x_wconf 88' lang='lat' dir='ltr'><strong>spem</strong></span> <span class='ocrx_word' id='word_1_312' title='bbox 966 3547 1074 3586; x_wconf 90' lang='lat' dir='ltr'><strong>omnes</strong></span> <span class='ocrx_word' id='word_1_313' title='bbox 1077 3528 1243 3601; x_wconf 83' lang='lat' dir='ltr'><strong>induxerat,</strong></span> <span class='ocrx_word' id='word_1_314' title='bbox 1251 3542 1285 3591; x_wconf 89' lang='lat' dir='ltr'><strong>ut</strong></span> 
     </span>
     <span class='ocr_line' id='line_1_35' title="bbox 164 3603 1286 3698; baseline 0.003 -19"><span class='ocrx_word' id='word_1_315' title='bbox 164 3627 168 3644; x_wconf 82' lang='grc'>·</span> <span class='ocrx_word' id='word_1_316' title='bbox 195 3638 283 3680; x_wconf 83' lang='lat' dir='ltr'><strong>nemo</strong></span> <span class='ocrx_word' id='word_1_317' title='bbox 303 3603 391 3686; x_wconf 83' lang='lat' dir='ltr'><strong>esset,</strong></span> <span class='ocrx_word' id='word_1_318' title='bbox 405 3617 453 3696; x_wconf 87' lang='lat' dir='ltr'><strong>qui</strong></span> <span class='ocrx_word' id='word_1_319' title='bbox 475 3617 628 3691; x_wconf 84' lang='lat' dir='ltr'><strong>dubitaret,</strong></span> <span class='ocrx_word' id='word_1_320' title='bbox 649 3619 729 3698; x_wconf 88' lang='lat' dir='ltr'><strong>quin,</strong></span> <span class='ocrx_word' id='word_1_321' title='bbox 744 3617 794 3678; x_wconf 88' lang='lat' dir='ltr'><strong>ubi</strong></span> <span class='ocrx_word' id='word_1_322' title='bbox 813 3620 951 3679; x_wconf 89' lang='lat' dir='ltr'><strong>maturior</strong></span> <span class='ocrx_word' id='word_1_323' title='bbox 972 3630 1043 3679; x_wconf 83' lang='lat' dir='ltr'><strong>aetas</strong></span> <span class='ocrx_word' id='word_1_324' title='bbox 1060 3621 1241 3694; x_wconf 86' lang='lat' dir='ltr'><strong>accessisset,</strong></span> <span class='ocrx_word' id='word_1_325' title='bbox 1254 3634 1286 3683; x_wconf 87' lang='lat' dir='ltr'><strong>st</strong></span> 
     </span>
     <span class='ocr_line' id='line_1_36' title="bbox 195 3700 1285 3822; baseline 0.004 -51"><span class='ocrx_word' id='word_1_326' title='bbox 195 3700 364 3771; x_wconf 79' lang='lat' dir='ltr'><strong>emditionis</strong></span> <span class='ocrx_word' id='word_1_327' title='bbox 388 3721 418 3769; x_wconf 90' lang='lat' dir='ltr'><strong>et</strong></span> <span class='ocrx_word' id='word_1_328' title='bbox 440 3710 606 3770; x_wconf 84' lang='lat' dir='ltr'><strong>sanctitatis</strong></span> <span class='ocrx_word' id='word_1_329' title='bbox 622 3712 724 3770; x_wconf 89' lang='lat' dir='ltr'><strong>nostris</strong></span> <span class='ocrx_word' id='word_1_330' title='bbox 745 3712 925 3798; x_wconf 81' lang='lat' dir='ltr'><strong>temporibus</strong></span> <span class='ocrx_word' id='word_1_331' title='bbox 950 3712 1095 3791; x_wconf 85' lang='lat' dir='ltr'><strong>singulare</strong></span> <span class='ocrx_word' id='word_1_332' title='bbox 1119 3715 1285 3822; x_wconf 77' lang='lat' dir='ltr'><strong>exemplum</strong></span> 
     </span>
     <span class='ocr_line' id='line_1_37' title="bbox 197 3801 1285 3889; baseline 0.003 -24"><span class='ocrx_word' id='word_1_333' title='bbox 197 3813 275 3866; x_wconf 81' lang='lat' dir='ltr'><strong>esset</strong></span> <span class='ocrx_word' id='word_1_334' title='bbox 288 3803 408 3862; x_wconf 88' lang='lat' dir='ltr'><strong>futurus.</strong></span> <span class='ocrx_word' id='word_1_335' title='bbox 449 3801 527 3862; x_wconf 89' lang='lat' dir='ltr'><strong>Nam</strong></span> <span class='ocrx_word' id='word_1_336' title='bbox 543 3823 581 3862; x_wconf 84' lang='lat' dir='ltr'><strong>ex</strong></span> <span class='ocrx_word' id='word_1_337' title='bbox 596 3808 658 3880; x_wconf 88' lang='lat' dir='ltr'><strong>ejus</strong></span> <span class='ocrx_word' id='word_1_338' title='bbox 672 3801 755 3889; x_wconf 76' lang='lat' dir='ltr'><strong>obitu</strong></span> <span class='ocrx_word' id='word_1_339' title='bbox 765 3805 838 3867; x_wconf 86' lang='lat' dir='ltr'><strong>licet</strong></span> <span class='ocrx_word' id='word_1_340' title='bbox 849 3805 918 3867; x_wconf 89' lang='lat' dir='ltr'><strong>boni</strong></span> <span class='ocrx_word' id='word_1_341' title='bbox 929 3807 1180 3884; x_wconf 87' lang='lat' dir='ltr'><strong>omnesJ&#39;acturam</strong></span> <span class='ocrx_word' id='word_1_342' title='bbox 1194 3807 1285 3868; x_wconf 84' lang='lat' dir='ltr'><strong>maxi·</strong></span> 
     </span>
     <span class='ocr_line' id='line_1_38' title="bbox 196 3887 1286 3976; baseline 0.007 -23"><span class='ocrx_word' id='word_1_343' title='bbox 196 3913 274 3954; x_wconf 83' lang='lat' dir='ltr'><strong>mam</strong></span> <span class='ocrx_word' id='word_1_344' title='bbox 292 3887 397 3954; x_wconf 83' lang='lat' dir='ltr'><strong>iecisse</strong></span> <span class='ocrx_word' id='word_1_345' title='bbox 412 3895 551 3954; x_wconf 87' lang='lat' dir='ltr'><strong>censendi</strong></span> <span class='ocrx_word' id='word_1_346' title='bbox 563 3895 631 3968; x_wconf 89' lang='lat' dir='ltr'><strong>sint,</strong></span> <span class='ocrx_word' id='word_1_347' title='bbox 651 3915 774 3976; x_wconf 85' lang='lat' dir='ltr'><strong>speque</strong></span> <span class='ocrx_word' id='word_1_348' title='bbox 774 3897 850 3955; x_wconf 89' lang='lat' dir='ltr'><strong>omni</strong></span> <span class='ocrx_word' id='word_1_349' title='bbox 852 3917 961 3976; x_wconf 88' lang='lat' dir='ltr'><strong>‚quam</strong></span> <span class='ocrx_word' id='word_1_350' title='bbox 975 3917 1116 3958; x_wconf 91' lang='lat' dir='ltr'><strong>summam</strong></span> <span class='ocrx_word' id='word_1_351' title='bbox 1130 3900 1167 3958; x_wconf 88' lang='lat' dir='ltr'><strong>dc</strong></span> <span class='ocrx_word' id='word_1_352' title='bbox 1181 3920 1218 3960; x_wconf 88' lang='lat' dir='ltr'><strong>co</strong></span> <span class='ocrx_word' id='word_1_353' title='bbox 1233 3901 1286 3968; x_wconf 81' lang='lat' dir='ltr'><strong>bs·¹</strong></span> 
     </span>
     <span class='ocr_line' id='line_1_39' title="bbox 196 3983 1285 4070; baseline 0.005 -24"><span class='ocrx_word' id='word_1_354' title='bbox 196 3983 314 4056; x_wconf 85' lang='lat' dir='ltr'><strong>bebant,</strong></span> <span class='ocrx_word' id='word_1_355' title='bbox 334 3983 465 4050; x_wconf 84' lang='lat' dir='ltr'><strong>frustrati</strong></span> <span class='ocrx_word' id='word_1_356' title='bbox 482 3987 636 4065; x_wconf 86' lang='lat' dir='ltr'><strong>jacuerint,</strong></span> <span class='ocrx_word' id='word_1_357' title='bbox 657 4007 713 4068; x_wconf 77' lang='lat' dir='ltr'><strong>ego</strong></span> <span class='ocrx_word' id='word_1_358' title='bbox 733 4009 792 4048; x_wconf 90' lang='lat' dir='ltr'><strong>non</strong></span> <span class='ocrx_word' id='word_1_359' title='bbox 811 4000 872 4049; x_wconf 85' lang='lat' dir='ltr'><strong>tam</strong></span> <span class='ocrx_word' id='word_1_360' title='bbox 894 3990 1018 4049; x_wconf 85' lang='lat' dir='ltr'><strong>moleste</strong></span> <span class='ocrx_word' id='word_1_361' title='bbox 1038 3991 1100 4063; x_wconf 80' lang='lat' dir='ltr'><strong>tuli,</strong></span> <span class='ocrx_word' id='word_1_362' title='bbox 1121 3991 1199 4070; x_wconf 92' lang='lat' dir='ltr'><strong>quod</strong></span> <span class='ocrx_word' id='word_1_363' title='bbox 1222 3993 1285 4068; x_wconf 72' lang='lat' dir='ltr'><strong>eius</strong></span> 
     </span>
     <span class='ocr_line' id='line_1_40' title="bbox 196 4079 1286 4185; baseline 0.007 -45"><span class='ocrx_word' id='word_1_364' title='bbox 196 4079 377 4140; x_wconf 74' lang='lat' dir='ltr'><strong>sanctimima</strong></span> <span class='ocrx_word' id='word_1_365' title='bbox 392 4081 602 4142; x_wconf 88' lang='lat' dir='ltr'><strong>consuetudine</strong></span> <span class='ocrx_word' id='word_1_366' title='bbox 616 4092 675 4141; x_wconf 87' lang='lat' dir='ltr'><strong>tam</strong></span> <span class='ocrx_word' id='word_1_367' title='bbox 685 4094 807 4161; x_wconf 87' lang='lat' dir='ltr'><strong>repente</strong></span> <span class='ocrx_word' id='word_1_368' title='bbox 815 4103 964 4156; x_wconf 86' lang='lat' dir='ltr'><strong>caruerun</strong></span> <span class='ocrx_word' id='word_1_369' title='bbox 977 4085 1031 4144; x_wconf 86' lang='lat' dir='ltr'><strong>etsi</strong></span> <span class='ocrx_word' id='word_1_370' title='bbox 1041 4084 1072 4144; x_wconf 91' lang='lat' dir='ltr'><strong>id</strong></span> <span class='ocrx_word' id='word_1_371' title='bbox 1086 4086 1155 4144; x_wconf 88' lang='lat' dir='ltr'><strong>mihi</strong></span> <span class='ocrx_word' id='word_1_372' title='bbox 1165 4083 1286 4185; x_wconf 78' lang='lat' dir='ltr'><strong>coptigit</strong></span> 
     </span>
     <span class='ocr_line' id='line_1_41' title="bbox 195 4165 1285 4258; baseline 0.006 -26"><span class='ocrx_word' id='word_1_373' title='bbox 195 4165 440 4252; x_wconf 81' lang='lat' dir='ltr'><strong>molestissimum,</strong></span> <span class='ocrx_word' id='word_1_374' title='bbox 460 4191 546 4250; x_wconf 87' lang='lat' dir='ltr'><strong>quam</strong></span> <span class='ocrx_word' id='word_1_375' title='bbox 566 4173 656 4258; x_wconf 76' lang='lat' dir='ltr'><strong>quod,</strong></span> <span class='ocrx_word' id='word_1_376' title='bbox 679 4194 745 4233; x_wconf 88' lang='lat' dir='ltr'><strong>cum</strong></span> <span class='ocrx_word' id='word_1_377' title='bbox 770 4195 809 4234; x_wconf 88' lang='lat' dir='ltr'><strong>ex</strong></span> <span class='ocrx_word' id='word_1_378' title='bbox 834 4182 896 4252; x_wconf 85' lang='lat' dir='ltr'><strong>ejus</strong></span> <span class='ocrx_word' id='word_1_379' title='bbox 920 4175 1114 4236; x_wconf 81' lang='lat' dir='ltr'><strong>familiaritate</strong></span> <span class='ocrx_word' id='word_1_380' title='bbox 1137 4174 1285 4254; x_wconf 83' lang='lat' dir='ltr'><strong>speciman</strong></span> 
     </span>
     <span class='ocr_line' id='line_1_42' title="bbox 196 4255 1286 4371; baseline 0.006 -47"><span class='ocrx_word' id='word_1_381' title='bbox 196 4282 277 4344; x_wconf 81' lang='lat' dir='ltr'><strong>quasi</strong></span> <span class='ocrx_word' id='word_1_382' title='bbox 269 4255 444 4371; x_wconf 71' lang='lat' dir='ltr'><strong>&#39;quoddam</strong></span> <span class='ocrx_word' id='word_1_383' title='bbox 449 4276 479 4323; x_wconf 90' lang='lat' dir='ltr'><strong>et</strong></span> <span class='ocrx_word' id='word_1_384' title='bbox 500 4264 651 4344; x_wconf 89' lang='lat' dir='ltr'><strong>probitatis</strong></span> <span class='ocrx_word' id='word_1_385' title='bbox 668 4277 698 4325; x_wconf 90' lang='lat' dir='ltr'><strong>et</strong></span> <span class='ocrx_word' id='word_1_386' title='bbox 712 4267 844 4326; x_wconf 74' lang='lat' dir='ltr'><strong>amicitias</strong></span> <span class='ocrx_word' id='word_1_387' title='bbox 865 4268 1072 4347; x_wconf 88' lang='lat' dir='ltr'><strong>concepissem,</strong></span> <span class='ocrx_word' id='word_1_388' title='bbox 1089 4267 1167 4326; x_wconf 92' lang='lat' dir='ltr'><strong>ubi</strong></span> <span class='ocrx_word' id='word_1_389' title='bbox 1157 4285 1221 4345; x_wconf 86' lang='lat' dir='ltr'><strong>rpse</strong></span> <span class='ocrx_word' id='word_1_390' title='bbox 1233 4267 1286 4330; x_wconf 88' lang='lat' dir='ltr'><strong>de·</strong></span> 
     </span>
    </p>
   </div>
   <div class='ocr_carea' id='block_1_4' title="bbox 98 4355 1288 4438">
    <p class='ocr_par' dir='ltr' id='par_1_4' title="bbox 98 4355 1288 4438">
     <span class='ocr_line' id='line_1_43' title="bbox 98 4355 1288 4438; baseline 0.003 -22"><span class='ocrx_word' id='word_1_391' title='bbox 98 4367 104 4374; x_wconf 83' lang='lat'>&#39;</span> <span class='ocrx_word' id='word_1_392' title='bbox 143 4359 146 4368; x_wconf 90' lang='lat'>&#39;</span> <span class='ocrx_word' id='word_1_393' title='bbox 198 4356 296 4428; x_wconf 87' lang='lat' dir='ltr'><strong>cessit,</strong></span> <span class='ocrx_word' id='word_1_394' title='bbox 310 4355 353 4415; x_wconf 91' lang='lat' dir='ltr'><strong>ita</strong></span> <span class='ocrx_word' id='word_1_395' title='bbox 367 4357 492 4416; x_wconf 90' lang='lat' dir='ltr'><strong>animum</strong></span> <span class='ocrx_word' id='word_1_396' title='bbox 508 4356 722 4436; x_wconf 86' lang='lat' dir='ltr'><strong>desponderim‚</strong></span> <span class='ocrx_word' id='word_1_397' title='bbox 735 4369 780 4432; x_wconf 89' lang='lat' dir='ltr'><strong>ut,</strong></span> <span class='ocrx_word' id='word_1_398' title='bbox 797 4358 876 4438; x_wconf 89' lang='lat' dir='ltr'><strong>quia,</strong></span> <span class='ocrx_word' id='word_1_399' title='bbox 888 4360 969 4438; x_wconf 89' lang='lat' dir='ltr'><strong>quod</strong></span> <span class='ocrx_word' id='word_1_400' title='bbox 982 4357 1114 4417; x_wconf 90' lang='lat' dir='ltr'><strong>simile</strong></span> <span class='ocrx_word' id='word_1_401' title='bbox 1087 4370 1214 4432; x_wconf 87' lang='lat' dir='ltr'><strong>eresset,</strong></span> <span class='ocrx_word' id='word_1_402' title='bbox 1228 4381 1288 4422; x_wconf 86' lang='lat' dir='ltr'><strong>non</strong></span> 
     </span>
    </p>
   </div>
   <div class='ocr_carea' id='block_1_5' title="bbox 198 4447 1287 4624">
    <p class='ocr_par' dir='ltr' id='par_1_5' title="bbox 198 4447 1287 4624">
     <span class='ocr_line' id='line_1_44' title="bbox 198 4447 1287 4530; baseline 0.008 -26"><span class='ocrx_word' id='word_1_403' title='bbox 198 4447 285 4508; x_wconf 80' lang='lat' dir='ltr'><strong>facile</strong></span> <span class='ocrx_word' id='word_1_404' title='bbox 297 4447 505 4527; x_wconf 87' lang='lat' dir='ltr'><strong>reperiebatur,</strong></span> <span class='ocrx_word' id='word_1_405' title='bbox 516 4449 688 4528; x_wconf 83' lang='lat' dir='ltr'><strong>probitatem</strong></span> <span class='ocrx_word' id='word_1_406' title='bbox 703 4449 826 4530; x_wconf 88' lang='lat' dir='ltr'><strong>amplius</strong></span> <span class='ocrx_word' id='word_1_407' title='bbox 838 4449 1000 4524; x_wconf 86' lang='lat' dir='ltr'><strong>hujusmodi</strong></span> <span class='ocrx_word' id='word_1_408' title='bbox 1012 4447 1115 4505; x_wconf 87' lang='lat' dir='ltr'><strong>ullam</strong></span> <span class='ocrx_word' id='word_1_409' title='bbox 1108 4463 1287 4513; x_wconf 79' lang='lat' dir='ltr'><strong>inventurum</strong></span> 
     </span>
     <span class='ocr_line' id='line_1_45' title="bbox 198 4539 1286 4624; baseline 0.008 -28"><span class='ocrx_word' id='word_1_410' title='bbox 198 4556 252 4596; x_wconf 81' lang='lat' dir='ltr'><strong>ma</strong></span> <span class='ocrx_word' id='word_1_411' title='bbox 263 4557 326 4598; x_wconf 86' lang='lat' dir='ltr'><strong>esse</strong></span> <span class='ocrx_word' id='word_1_412' title='bbox 345 4539 514 4599; x_wconf 72' lang='lat' dir='ltr'><strong>diffiderem·</strong></span> <span class='ocrx_word' id='word_1_413' title='bbox 556 4539 644 4600; x_wconf 84' lang='lat' dir='ltr'><strong>Nunc</strong></span> <span class='ocrx_word' id='word_1_414' title='bbox 661 4559 739 4611; x_wconf 87' lang='lat' dir='ltr'><strong>vero,</strong></span> <span class='ocrx_word' id='word_1_415' title='bbox 754 4559 821 4599; x_wconf 86' lang='lat' dir='ltr'><strong>curn</strong></span> <span class='ocrx_word' id='word_1_416' title='bbox 834 4549 875 4612; x_wconf 92' lang='lat' dir='ltr'><strong>tu,</strong></span> <span class='ocrx_word' id='word_1_417' title='bbox 889 4539 1046 4599; x_wconf 79' lang='lat' dir='ltr'><strong>clarissime</strong></span> <span class='ocrx_word' id='word_1_418' title='bbox 1061 4539 1222 4618; x_wconf 84' lang='lat' dir='ltr'><strong>Francisce,</strong></span> <span class='ocrx_word' id='word_1_419' title='bbox 1237 4547 1286 4624; x_wconf 90' lang='lat' dir='ltr'><strong>qui</strong></span> 
     </span>
    </p>
   </div>
   <div class='ocr_carea' id='block_1_6' title="bbox 0 0 1594 5125">
    <p class='ocr_par' dir='ltr' id='par_1_6' title="bbox 0 0 1594 5125">
     <span class='ocr_line' id='line_1_46' title="bbox 0 0 1594 5125; baseline 0 0"><span class='ocrx_word' id='word_1_420' title='bbox 0 0 1594 5125; x_wconf 95' lang='lat' dir='ltr'><strong> </strong></span> 
     </span>
    </p>
   </div>
   <div class='ocr_carea' id='block_1_7' title="bbox 1571 0 1578 520">
    <p class='ocr_par' dir='ltr' id='par_1_7' title="bbox 1571 0 1578 520">
     <span class='ocr_line' id='line_1_47' title="bbox 1571 0 1578 520; baseline 0 0"><span class='ocrx_word' id='word_1_421' title='bbox 1571 0 1578 520; x_wconf 95' lang='lat' dir='ltr'><strong> </strong></span> 
     </span>
    </p>
   </div>
   <div class='ocr_carea' id='block_1_8' title="bbox 1572 957 1578 1778">
    <p class='ocr_par' dir='ltr' id='par_1_8' title="bbox 1572 957 1578 1778">
     <span class='ocr_line' id='line_1_48' title="bbox 1572 957 1578 1778; baseline 0 0"><span class='ocrx_word' id='word_1_422' title='bbox 1572 957 1578 1778; x_wconf 95' lang='lat' dir='ltr'><strong> </strong></span> 
     </span>
    </p>
   </div>
  </div>
 </body>
</html>
