3150 5125
304 356 410 453 ω’
546 378 551 393 ·
635 350 800 449 nursnn
820 382 1050 447 murino

306 542 432 605 omnium
442 540 725 623 mentionemque
736 558 804 603 meo
815 554 911 619 merto
921 556 1046 620 noque
1056 548 1162 621 muts
1171 548 1204 602 et
1216 539 1410 608 metim·

277 630 336 693 'in
351 632 585 695 Demosthenem
599 634 712 697 immisi.
755 633 1049 713 offensioniquoqoe
1066 634 1219 694 mmoies
1235 632 1302 693 libri
1314 636 1411 693 intro·
1545 655 1551 684 ι

308 724 430 797 etsbiiis,
450 736 483 786 et
503 742 625 805 euque
638 727 685 787 sei
699 725 888 787 fortissimum
907 742 1054 804 quemque
1073 726 1206 804 boloium
1224 724 1340 803 inriget,
1352 740 1408 802 per

307 834 394 899 quem
403 818 447 891 iit,
462 828 495 878 nt
512 819 606 879 lector
620 836 648 880 o.
659 838 687 879 o.
710 818 898 899 Olyntbisooe
910 818 1021 897 pomo,
1036 830 1109 897 opos
1121 818 1232 877 bebest
1244 834 1305 875 non
1317 814 1407 873 modo
1425 862 1429 870 .

308 910 392 971 denis
404 908 478 971 loeis
491 910 648 991 requirere,
661 928 729 990 ques
747 910 786 975 ed
800 920 916 971 oenum
933 910 1032 969 locum
1045 910 1083 968 uh
1097 906 1237 988 Ulpiano,
1250 924 1270 967 n
1282 906 1404 976 Bodeo,

189 1030 191 1035 ·
308 1005 346 1065 sb
358 1002 519 1083 Obsopoeo,
533 1022 553 1063 o
563 1002 672 1063 Wolfio
686 1002 776 1075 dicto,
790 1013 843 1063 eut
856 1022 877 1063 e
887 1002 1065 1063 rminntibus
1077 1002 1168 1061 modo
1179 999 1308 1072 Aldiois,
1317 999 1406 1058 modo

308 1094 485 1167 Lutetinnis,
500 1094 588 1155 modo
602 1094 779 1173 Augustunis
793 1104 931 1157 nonomen
943 1104 1020 1165 sunt,
1033 1094 1090 1155 ssd
1102 1092 1192 1153 edm
1209 1091 1344 1151 mdisnss
1355 1108 1407 1169 ps·

310 1187 393 1266 ginno
414 1187 520 1246 iterum
540 1188 705 1267 iterumque
725 1187 886 1247 revolvere.
927 1186 1032 1244 orum
1051 1185 1115 1263 ipso
1133 1180 1340 1245 Demosthene
1357 1200 1405 1247 o*

259 1306 261 1311 ·
309 1278 594 1357 rossemannum
614 1290 674 1339 tum
695 1278 820 1342 molesto
831 1278 938 1339 ‘tubus
958 1276 1029 1335 mdti
1047 1286 1173 1348 constet,
1196 1276 1246 1357 qui
1264 1276 1349 1335 lnbor
1367 1275 1406 1333 nd

308 1371 449 1433 munem
462 1371 547 1432 focile
561 1388 649 1450 quem
664 1370 773 1453 sdigst.
817 1370 879 1431 Sed
891 1380 998 1449 proter
1010 1369 1181 1429 nonomen
1194 1368 1304 1429 moiem
1317 1366 1407 1427 offen-

309 1462 385 1525 sioni
396 1480 515 1542 quoque
528 1472 595 1523 sunt
608 1462 671 1543 typi
691 1463 721 1522 in
734 1462 866 1523 editione
874 1459 1036 1521 Bosilsensi
1046 1456 1143 1520 Tomo
1156 1458 1211 1520 v1.
1230 1458 1354 1519 sdbrbiti
1366 1457 1408 1515 ni·

311 1554 367 1616 mis
380 1571 467 1635 mom
480 1554 571 1614 eriles
584 1564 616 1614 et
632 1554 745 1626 mineth
766 1554 879 1623 cursim,
893 1551 973 1630 qnod
994 1570 1089 1631 genes
1107 1562 1244 1631 typorum
1257 1551 1353 1610 oculis
1365 1550 1406 1609 io·

311 1644 411 1725 primis
424 1642 572 1704 inimicum
590 1654 621 1703 et
640 1645 759 1705 insuere
779 1654 836 1714 est,
858 1652 890 1702 et
913 1642 1061 1703 fastiditum
1079 1644 1185 1722 megin,
1206 1660 1296 1721 qurum
1316 1642 1407 1701 nilon

312 1730 402 1797 eliud.
444 1736 570 1815 Insignis
583 1749 629 1797 ent
642 1736 776 1797 deiectus
789 1736 876 1812 bnjns
894 1735 1030 1798 editionis
1038 1735 1203 1807 Woibnnm,
1218 1736 1300 1814 quod
1311 1734 1408 1793 indies

311 1824 472 1907 greeitstis
489 1826 824 1891 demostheuiomomet.
865 1827 966 1908 Credo
985 1826 1121 1908 equidem
1131 1827 1282 1899 Woiflum,
1297 1826 1407 1889 ainbo-

311 1938 376 1979 rum
391 1920 686 1989 Demoohenieomm
696 1919 886 1999 multitudine
899 1930 931 1981 et
942 1921 1136 2000 perpetuus
1147 1918 1270 1992 riomm,
1283 1938 1343 1979 non
1354 1938 1407 1997 po·

312 2012 405 2071 tuisse
428 2012 551 2091 agendis
567 2013 701 2073 omnibus
721 2011 865 2083 sufficere,
889 2030 955 2090 que
974 2009 1006 2072 in
1022 2012 1166 2091 ejusmodi
1185 2022 1307 2071 suetore
1326 2028 1408 2091 pern·

313 2104 411 2183 gendo
424 2105 528 2166 editori
541 2106 721 2168 incumbunt.
748 2106 869 2178 Verum,
879 2104 1004 2185 primum
1017 2104 1134 2185 quidem
1147 2104 1320 2183 vigintiduo
1332 2104 1408 2175 toni.

312 2209 384 2277 quos
401 2196 432 2258 in
452 2198 656 2260 Demosthene
678 2198 820 2279 tngenm
842 2208 875 2257 ot
896 2196 1069 2277 retingendo
1090 2196 1261 2269 oonsrrmsit,
1283 2208 1409 2275 tempus,

313 2289 428 2369 opinor,
439 2300 507 2351 sunt
520 2290 591 2351 sutis
605 2290 802 2362 commodum,
815 2308 877 2369 quo
888 2291 1018 2369 quemvis
1030 2303 1155 2369 mognsrs
1167 2290 1251 2350 inber
1263 2289 1409 2369 prodignri

313 2390 440 2461 poteret.
481 2381 559 2457 Mihi
569 2383 722 2462 quidemsi
736 2394 781 2442 tot
794 2398 886 2442 nouos
899 2382 948 2441 sot
962 2382 1154 2442 Demostheni
1167 2381 1343 2461 expoliendo
1355 2382 1410 2440 ior·

313 2472 376 2551 gite
388 2482 467 2533 osset
478 2474 609 2534 seeundo
623 2475 748 2545 fortune,
762 2489 832 2555 quo
844 2472 892 2532 rix
905 2474 1127 2553 qundrlennium
1140 2474 1232 2546 dedit,
1243 2482 1276 2533 et
1287 2490 1326 2532 ne
1335 2470 1410 2531 iilud

313 2564 434 2644 quidem
444 2565 600 2646 integrum,
613 2567 737 2648 (interes
753 2567 892 2646 temporis
902 2568 979 2627 eninr
992 2568 1081 2627 minin
1096 2567 1255 2627 Aristidem
1268 2567 1308 2627 nd
1320 2577 1410 2626 mstos

313 2657 482 2736 recognovi,
497 2669 528 2718 et
546 2657 677 2730 editioni,
691 2675 778 2737 quem
792 2661 856 2738 ejus
869 2676 952 2738 poro,
966 2647 1202 2720 accommodari:
1222 2669 1256 2719 ut
1277 2660 1347 2719 eiius
1367 2659 1410 2718 iss·

313 2750 528 2828 terpeilntionos
541 2749 667 2826 tseeum)
680 2770 700 2808 o
714 2767 803 2828 quem
824 2749 894 2808 mibi
913 2751 1016 2809 videor
1039 2765 1108 2810 eum
1127 2753 1291 2811 nbsoiutum
1313 2761 1408 2812 etum

315 2842 402 2902 meris
420 2839 554 2901 omnibus
565 2841 731 2920 perfeetum
753 2839 876 2904 dsturus
897 2840 997 2899 brisso.
1038 2842 1094 2901 Me
1115 2860 1187 2903 sero
1207 2844 1409 2922 ingementem

314 2941 400 3009 setus,
412 2943 444 2992 et
456 2931 665 2994 decrescentes
679 2931 710 2989 in
724 2929 787 2989 dien
800 2930 886 3001 vires,
900 2940 932 2990 et
944 2931 1126 3011 impotientin
1140 2935 1173 2993 in
1187 2937 1291 2996 eodem
1307 2937 1410 2996 lnbore

315 3021 492 3082 doomonte
512 3021 721 3092 commorandi,
736 3031 767 3079 et
777 3021 953 3082 desiderium
966 3021 1104 3084 studioses
1115 3028 1259 3104 juventuti
1270 3039 1329 3088 tom
1343 3047 1410 3107 grn-

315 3125 383 3171 rern
403 3121 565 3182 suetorem,
583 3121 645 3170 tom
665 3111 873 3185 neeesssrium,
889 3117 972 3193 cujus
990 3116 1134 3177 editiones
1146 3131 1215 3178 sunt
1227 3139 1314 3198 quem
1331 3122 1410 3182 roris

316 3203 397 3263 sirum
411 3213 442 3262 st
455 3203 619 3275 ctrimimoe,
634 3223 693 3283 qus
713 3213 813 3265 tomen
835 3221 937 3268 emere
959 3208 1022 3269 sine
1041 3209 1151 3271 domno
1170 3214 1296 3274 monimo
1314 3223 1418 3292 potest.

316 3310 407 3355 nemo
424 3295 512 3373 penio
524 3295 686 3367 humanior,
702 3313 789 3376 quem
806 3297 1002 3376 primumberi
1015 3311 1125 3380 posset,
1138 3321 1231 3382 porro
1241 3305 1409 3384 pnrnbiiem,

318 3395 349 3446 st
361 3386 449 3446 focile
463 3386 644 3466 gestabilem,
658 3399 691 3448 et
708 3388 887 3449 ornamentis
908 3409 967 3450 noo
987 3393 1206 3456 oontemnendis
1229 3397 1409 3468 instructum,

316 3493 377 3536 non
391 3476 522 3538 omuibus
536 3478 664 3558 quidem,
678 3489 722 3564 tot
735 3491 834 3540 tumen
853 3480 910 3541 iilis
922 3492 955 3541 ut
967 3483 1063 3555 tentis,
1078 3497 1150 3565 quot
1168 3497 1199 3548 et
1211 3500 1321 3567 quontn
1332 3476 1421 3550 ordis

317 3567 375 3629 sits
386 3570 568 3649 superiorum
584 3569 746 3632 editionum
765 3568 904 3644 dedum,
922 3573 952 3632 in
972 3591 1077 3638 monus
1088 3577 1189 3652 dnudi,
1204 3579 1343 3640 sustinere
1362 3601 1411 3642 sne

163 3639 169 3652 ’
191 3717 194 3728 ,
317 3672 487 3739 ooegmum,
501 3673 532 3722 et
540 3663 635 3724 minus
648 3665 812 3745 perfeetum
823 3683 898 3746 opus
910 3665 1010 3739 edere,
1024 3684 1112 3747 quem
1124 3671 1246 3744 mudum,
1254 3674 1352 3748 malie,
1361 3693 1411 3734 se.

317 3761 440 3826 rentem,
452 3771 492 3813 ne
502 3753 533 3814 in
552 3767 661 3817 oonstu
673 3759 883 3838 supemtitiosst
892 3757 1049 3839 diligentins
1062 3761 1155 3824 istum
1168 3783 1216 3824 roe
1227 3766 1411 3844 opprimeret,

317 3841 491 3924 motumque
510 3843 741 3910 leotoresiruotu
753 3867 828 3911 mse
841 3867 937 3929 operte
950 3850 1107 3913 modoet
1148 3853 1272 3916 Deinde
1280 3857 1346 3935 quis
1358 3875 1410 3932 ou·

317 3945 382 3996 otor
396 3935 460 4006 tibi,
481 3937 521 3996 ni
535 3937 634 4010 Weiss,
656 3940 711 4000 fnit
722 3950 782 4002 orn
796 3942 878 4002 stulti
891 3943 1015 4015 conditi,
1034 3955 1069 4006 ut
1090 3943 1257 4028 AEthispem
1276 3948 1411 4010 inm?

319 4027 476 4107 ileinnutn
496 4049 549 4089 our
565 4029 690 4091 latinum
708 4032 828 4093 ieoisti?
848 4033 923 4100 Quis
930 4034 1039 4110 jussit?
1059 4050 1111 4098 eut
1128 4039 1231 4121 siquis
1248 4041 1343 4119 jussit,
1358 4061 1412 4100 our

318 4119 548 4199 obsequebaris?
588 4123 730 4184 Debebss
750 4124 909 4204 sapientior
928 4145 1004 4200 esse,
1018 4146 1106 4207 quom
1129 4132 1247 4211 ineptus
1266 4132 1412 4211 librarius,

317 4210 367 4288 qni
381 4227 413 4270 se
428 4211 549 4271 ustulto
560 4229 643 4272 more
660 4213 771 4284 smeuii,
786 4216 825 4274 nb
838 4215 1007 4294 importunis
1025 4233 1168 4279 erutorum
1185 4221 1414 4300 degimdonibus

318 4300 386 4362 doti
399 4311 558 4381 poteretur.
599 4301 739 4365 Debebrs
752 4305 869 4366 fortiter
886 4307 1031 4369 resistere.
1046 4311 1174 4372 debebus
1189 4314 1413 4393 bihiiopoinmot

248 4421 252 4430 =
316 4391 445 4454 stultitia
459 4405 490 4455 st
504 4395 909 4477 importunitatirrsponsure
927 4401 1049 4474 duriter,
1067 4421 1127 4462 non
1144 4405 1262 4477 sarire,
1275 4425 1332 4464 non
1347 4425 1413 4464 cer·

315 4483 413 4548 sicem
425 4487 607 4553 submittere.
649 4489 771 4552 Poterss
785 4490 971 4572 meliusquid
985 4513 1084 4574 egero.
1119 4497 1413 4577 Uipiroumlatinnm
