3150 5125
556 446 559 453 Ι
623 360 784 422 nursxu
801 358 1027 423 rsmrsuro

682 652 810 720 sucu.
834 652 1009 719 xxxu.
1058 742 1062 753 Ι

467 772 476 805 l
551 796 553 801 λ
605 864 610 875 -
634 825 757 886 Nomina
772 834 1043 904 praesumtorem.

336 988 558 1053 Paovrucrsm
578 990 608 1051 in
635 989 750 1051 edendo
772 963 976 1052 Demosthene
999 989 1069 1049 mihi
1084 991 1173 1049 sumai
1195 1001 1285 1071 etque
1296 986 1399 1073 delegi

297 1084 375 1145 ultro
386 1102 526 1164 perquam
537 1082 658 1143 arduam
672 1094 703 1143 et
714 1083 827 1156 duram,
837 1103 904 1143 cum
914 1083 977 1143 aliis
987 1082 1087 1142 multis
1096 1084 1135 1142 de
1147 1085 1254 1155 causis,
1266 1104 1338 1165 ques
1347 1102 1399 1144 re·

297 1187 398 1257 petere
411 1175 451 1235 nil
460 1180 553 1252 juvat,
560 1175 622 1251 jam
631 1192 718 1253 supra
730 1175 888 1255 plerasque
902 1184 1229 1246 commemorassemus
1238 1176 1297 1235 hac
1305 1176 1398 1234 maxia

296 1290 355 1343 me,
365 1270 444 1349 quod
457 1266 539 1327 fatali
552 1266 679 1347 quadam
692 1268 869 1329 necessitate
882 1267 954 1327 mihi
967 1267 1108 1337 evenerit,
1124 1279 1158 1326 ut
1171 1280 1244 1328 estas
1256 1268 1396 1348 degenda

296 1374 374 1423 esset
386 1363 420 1422 iis
440 1362 470 1420 in
482 1360 578 1431 terris,
592 1378 702 1439 eosque
721 1360 798 1421 inter
811 1360 952 1429 homines,
968 1378 1041 1439 qnos
1054 1378 1158 1438 parum
1173 1378 1269 1439 grem
1290 1376 1394 1419 curare

295 1472 418 1515 necesse
437 1462 483 1513 est
496 1472 532 1511 ex
548 1470 584 1511 eo
598 1452 741 1524 arbitrari,
760 1452 841 1532 quod
860 1451 969 1511 librarii
988 1460 1132 1511 nostrntes
1153 1452 1192 1511 nd
1206 1451 1393 1512 excudendo·

293 1544 385 1606 libros
402 1535 516 1623 graecos
536 1542 623 1603 nullis
635 1543 782 1621 precibus,
801 1542 887 1603 nullis
907 1542 1120 1603 conditionibus
1140 1542 1250 1604 adduci
1269 1541 1393 1623 possint.

295 1636 368 1697 Nou
385 1632 520 1715 equidem
532 1634 696 1709 infitiabor,
709 1634 821 1717 aliquot
841 1637 879 1695 ab
894 1636 961 1693 hinc
975 1635 1057 1694 aunis
1072 1635 1194 1714 coepisse
1207 1636 1264 1695 hac
1275 1636 1307 1694 in
1319 1636 1394 1695 urbe

294 1728 384 1789 libros
397 1725 553 1786 nonnullos
567 1745 680 1805 groecos
701 1726 759 1797 edi,
776 1726 829 1786 sed
843 1746 937 1805 neque
956 1725 1039 1785 multi
1058 1738 1125 1785 sunt
1138 1727 1188 1799 illi,
1202 1738 1234 1786 et
1252 1726 1392 1789 rerumsi

294 1819 385 1879 velint
395 1837 495 1878 eorum
509 1818 637 1877 editores
650 1818 746 1890 fateri,
761 1818 860 1878 nescio
874 1838 911 1877 nn
931 1838 969 1876 ne
991 1818 1044 1897 ipsi
1058 1818 1175 1896 quidem
1186 1819 1392 1893 dissimulatum

295 1910 364 1982 sint,
378 1929 429 1971 eos
443 1928 502 1969 sere
515 1909 704 1989 periculoque
723 1926 776 1968 suo
798 1928 923 1971 excusos
944 1927 1020 1969 esse.
1062 1908 1130 1989 Ego
1150 1910 1295 1989 equidem,
1313 1926 1392 1989 quse·

292 2005 413 2083 ‘cunque
432 2000 554 2061 aliorum
574 2014 620 2061 est
640 2020 692 2061 seu
713 2020 784 2075 sors,
803 2019 856 2061 seu
869 2000 1005 2070 felicitas,
1026 2000 1283 2081 inexpugnabilem
1302 2002 1392 2062 babai

294 2114 379 2175 pane
391 2105 456 2154 tota
467 2112 534 2153 mea
546 2093 606 2152 vita
618 2092 801 2154 librariorum
814 2092 1004 2173 pertinaciam
1021 2104 1053 2153 et
1068 2093 1212 2165 duritiem,
1223 2106 1255 2154 et
1265 2093 1392 2154 aversio·

295 2208 363 2249 nem
377 2206 395 2247 a
408 2206 455 2247 me
469 2186 602 2267 meisque
622 2186 775 2247 conatibus
789 2186 933 2258 literanis,
948 2196 982 2245 ut
993 2204 1116 2247 necesse
1130 2186 1291 2259 habuerim,
1307 2206 1392 2265 qum·

191 2296 211 2319 ⁰
295 2300 411 2361 cunque
425 2278 513 2349 edidi,
528 2298 593 2357 qum
606 2298 700 2358 pauca
717 2290 794 2351 sunt,
813 2289 848 2337 ut
860 2278 936 2338 in're
948 2277 1081 2337 familiari
1103 2297 1243 2357 perquam
1264 2278 1390 2351 modica,

296 2392 332 2433 ss
344 2391 412 2433 meo
425 2390 484 2430 rere
497 2380 528 2429 et
542 2370 670 2449 periculo
684 2368 862 2430 excudenda
875 2370 956 2432 dare.
998 2370 1096 2442 Unde,
1107 2370 1138 2429 id
1149 2370 1228 2449 quod
1243 2368 1331 2431 facile
1344 2380 1390 2429 est

296 2463 468 2533 existimatu,
490 2480 627 2540 magnam
649 2462 693 2522 rei
707 2462 877 2523 domestice
885 2467 1030 2538 jucturam
1045 2462 1147 2533 retuli;
1167 2482 1255 2541 quam
1272 2462 1337 2533 tuli,
1359 2472 1407 2542 ut,

294 2554 465 2640 potuissetis
478 2574 563 2634 raquo
577 2554 684 2617 animo.
727 2554 959 2616 Demosthenem
974 2566 1082 2627 autem,
1092 2567 1123 2616 et
1134 2575 1201 2615 eum
1215 2554 1333 2634 quidem
1346 2565 1391 2615 tot

295 2649 465 2711 necessariis
486 2647 659 2708 ornamentis
679 2659 768 2728 atque
787 2648 982 2711 instrumentis
995 2658 1124 2720 auctum,
1139 2647 1203 2726 pari
1216 2647 1306 2708 modo
1316 2649 1391 2708 iuss·

295 2763 365 2803 num
377 2740 489 2814 fuisset,
503 2739 527 2800 si
542 2749 663 2800 conatus
678 2737 773 2800 essem
788 2742 887 2802 edere.
930 2741 1029 2807 Quare
1042 2739 1178 2820 proposui
1189 2739 1308 2799 biennio
1322 2751 1387 2799 ante

236 2885 240 2890 .
295 2835 492 2898 conditionem
512 2833 646 2893 studiosis
674 2853 835 2912 genearum
855 2833 1012 2904 literarum,
1026 2843 1061 2892 ut
1074 2843 1186 2892 sumtus
1206 2833 1387 2908 necessarios

292 2929 449 2990 facientem
458 2945 505 2986 me
515 2925 641 3005 pecunia
654 2924 802 2984 collaticia
815 2925 998 3003 adjuvarent.
1040 2923 1099 2985 Sed
1112 2925 1216 2984 surdas
1228 2944 1313 3003 poene
1324 2926 1387 2984 ubi·

294 3041 352 3100 que
364 3019 454 3080 habui
468 3037 562 3091 aures,
574 3027 730 3098 portusque
751 3017 874 3088 alausas,
899 3017 960 3077 siue
981 3018 1127 3078 communi
1148 3017 1277 3096 quodam
1297 3017 1389 3077 bomi-

293 3131 372 3182 num,
383 3109 432 3189 qui
446 3127 526 3168 nunc
540 3117 615 3178 suut,
630 3127 701 3185 erga
719 3107 820 3168 literas
840 3127 951 3187 graecas
972 3109 1091 3188 frigore,
1111 3109 1171 3168 sire
1191 3109 1312 3168 infamia
1329 3129 1387 3168 cm·

294 3203 346 3284 pti,
363 3200 443 3282 quod
455 3198 514 3270 alii,
528 3199 552 3257 si
564 3199 613 3278 qui
626 3199 769 3273 ejusmodi
789 3201 1017 3282 subscriptiones
1036 3200 1262 3282 proposuissent,
1285 3199 1388 3260 credu-

294 3297 389 3356 lorum
412 3307 565 3353 crumenas
588 3309 654 3350 cum
678 3292 889 3365 emunxissent,
913 3293 1009 3354 verbis
1033 3293 1092 3352 suis
1113 3291 1173 3353 fide
1186 3311 1246 3352 uon
1257 3292 1389 3372 prestita

294 3407 356 3448 rem
369 3387 399 3445 in
412 3404 444 3445 se
457 3385 564 3444 bonam
578 3381 608 3442 in
620 3382 813 3462 suspicionem
834 3397 923 3464 atque
946 3385 1082 3445 invidiam
1103 3384 1306 3456 adduxissenm
1328 3385 1389 3444 sire

295 3479 421 3558 denique
442 3495 514 3554 erga
532 3485 580 3534 me
601 3475 698 3536 nescio
711 3495 770 3554 qua
787 3478 937 3537 hominum
956 3479 1168 3549 malevolentia,
1183 3489 1215 3537 et
1227 3477 1386 3557 suspicaci·

292 3581 354 3631 tste
367 3579 455 3648 atque
476 3567 633 3627 animorum
656 3585 734 3627 ame
748 3567 972 3630 abalienatione.
1015 3569 1126 3630 Adhuc
1146 3569 1273 3648 quidem,
1293 3569 1386 3648 magis

292 3663 388 3732 stiam,
403 3679 490 3740 quam
511 3669 760 3740 exspectaveram,
775 3661 807 3719 in
829 3661 888 3721 boo
911 3672 1003 3732 tanto,
1019 3673 1078 3722 tam
1100 3661 1228 3733 salutari,
1251 3671 1311 3721 tam
1333 3682 1385 3724 ne·

177 3825 182 3833 ¹
293 3753 430 3826 cessario,
444 3764 504 3813 tam
524 3771 604 3832 saepe
617 3751 750 3831 flagitato
763 3763 794 3812 et
806 3753 881 3812 votis
895 3754 1022 3813 omniurn
1035 3753 1166 3832 expetito
1179 3753 1326 3812 molimine
1336 3755 1387 3813 de·

292 3857 386 3908 sertus
396 3863 481 3926 poene
494 3843 531 3903 ab
546 3843 688 3914 omnibus,
703 3844 791 3904 etium
804 3846 841 3905 ab
855 3845 1043 3917 amicissimis,
1057 3845 1109 3917 fui,
1125 3866 1297 3926 quamquam
1309 3848 1386 3909 bene

291 3941 330 4000 de
341 3959 378 3999 eo
390 3935 497 3997 soeculo
511 3953 657 4015 nunquam
671 3936 796 4016 speravi,
807 3937 884 4016 quod
900 3958 952 3996 usu
967 3937 1044 4008 noui,
1055 3938 1159 4008 ventri,
1174 3957 1285 4016 gauere,
1295 3937 1384 4008 luxui,

289 4031 465 4102 libidinibus,
480 4028 632 4108 cupiditati
657 4039 688 4088 et
711 4030 840 4089 svuritioe
857 4027 998 4100 deditum,
1018 4030 1048 4089 iu
1067 4051 1167 4110 equos,
1189 4031 1219 4089 iu
1234 4050 1333 4103 canes,
1354 4032 1385 4089 in

290 4135 396 4194 scorta,
410 4121 439 4180 iu
453 4120 557 4192 aleam,
571 4119 600 4177 iu
616 4121 771 4192 cantrices,
786 4121 814 4178 in
828 4121 970 4193 scenicos,
985 4121 1015 4179 in
1029 4141 1132 4200 nugas,
1150 4123 1180 4180 in
1194 4131 1384 4201 res'quasque'

290 4227 398 4295 turpes,
413 4224 444 4273 et
457 4211 583 4292 corpori,
601 4210 746 4291 famaeque
767 4223 799 4272 et
819 4213 861 4272 rei
875 4212 1001 4292 denique
1013 4213 1146 4273 familiari
1161 4215 1384 4275 detrimentosas

288 4307 397 4367 furiose
410 4323 477 4365 suus
491 4322 562 4382 opes
574 4303 737 4382 prodigere,
752 4304 780 4361 in
796 4316 951 4363 resautem
966 4305 1076 4367 divinas
1096 4307 1294 4387 humanasque
1307 4327 1384 4385 prae·

291 4400 383 4458 clares
396 4397 574 4477 publiceque
588 4395 736 4464 salutares,
751 4397 853 4476 patriae
867 4398 1016 4476 gloriosas,
1032 4411 1064 4460 et
1082 4401 1121 4459 ad
1138 4419 1254 4460 omnem
1271 4416 1384 4481 memo·

291 4491 362 4551 riam
376 4487 545 4568 splendidas
562 4485 675 4548 futurus
689 4487 735 4549 vel
756 4487 875 4549 obolum
893 4507 1014 4568 erogare
1032 4491 1230 4564 reformidare,
1245 4503 1385 4570 tanquam
