3150 5125
307 414 409 475 lxxviii
656 422 659 445 ¹
740 416 766 477 I.
789 412 981 479 Teutoni

311 582 491 631 exercerent.
533 570 670 632 Clamant
690 572 799 651 ingenii
814 572 981 645 facultates,
1001 588 1103 652 parum
1122 570 1154 629 ln
1172 589 1206 631 ae
1219 588 1286 632 ease
1303 570 1412 635 lauda·

229 687 233 695 ⁸
309 663 387 735 bilis,
402 664 426 722 si
445 663 490 735 iic,
512 664 561 743 qui
581 684 631 725 eas
645 666 674 723 in
687 684 720 725 se
734 654 946 738 habent‚.iisve;
962 662 1036 744 qu'os
1048 663 1201 724 delectare
1214 663 1336 743 pomnt,
1350 662 1411 728 sint

306 758 458 836 jucundae,
474 757 504 815 ni
517 758 645 817 humano
659 758 747 818 ειιιιιιι
768 760 871 839 generi
889 769 988 819 ament
1000 758 1216 837 quodammodo
1233 758 1411 820 fmctuosma

310 849 434 929 proinde
448 849 655 927 negligendam
670 870 736 912 esse
749 870 879 932 prorsus,
893 863 945 912 sut
958 844 1212 911 exterminandam
1224 852 1332 929 potius,
1348 852 1411 912 elo·

310 942 470 1021 quentiem,
484 943 611 1003 maxime
623 956 722 1005 autem
736 965 852 1009 cascum
864 945 953 1019 illam,
967 956 998 1005 et
1011 945 1168 1014 exoletam,
1183 954 1215 1004 et
1224 946 1410 1026 antiquorum

308 1036 491 1098 solummodo
503 1028 593 1097 literis
607 1038 758 1113 inclusam,
770 1046 853 1116 cujus
865 1040 890 1099 si
903 1060 962 1099 non
977 1040 1078 1112 omnis,
1093 1051 1124 1099 at
1134 1038 1283 1147 praecipua
1292 1042 1409 1131 saltem,

308 1130 400 1191 laus'
391 1152 422 1191 m
440 1132 560 1193 delectu
577 1134 770 1206 verborum,
761 1154 792 1193 m
815 1135 926 1195 decore
947 1133 1155 1204 clausularum,
1179 1142 1211 1191 et
1230 1132 1262 1191 in
1280 1123 1409 1212 quadam

308 1224 444 1286 ubertate
455 1225 593 1285 orationis
607 1226 781 1285 continetur.

348 1316 424 1377 Esse
444 1318 590 1396 quandam
612 1317 815 1381 incredibilem
833 1318 1049 1397 jucunditatem
1070 1318 1303 1397 suavitatemque
1319 1316 1349 1375 in
1369 1333 1410 1378 eo

310 1426 418 1487 genere
437 1410 594 1483 literarum,
613 1430 680 1490 quae
693 1410 783 1470 etiam
800 1401 1042 1490 occupatissimos
1062 1412 1225 1490 percellere
1247 1410 1331 1481 solet,
1352 1410 1410 1470 uisi

308 1518 409 1561 earum
431 1503 545 1575 artium,
568 1503 703 1587 quinus
693 1504 732 1563 ιιι
754 1503 966 1589 humanitatem
988 1502 1184 1574 informamur,
1209 1502 1299 1581 plene
1320 1501 1410 1563 rudes

307 1593 426 1664 fuerint,
446 1614 543 1673 neque
564 1616 620 1681 ego
638 1614 748 1673 negare
767 1582 897 1674 possum,
913 1596 963 1674 qui
981 1595 1011 1654 in
1025 1595 1151 1683 antiquie
1164 1594 1340 1674 eloquentie
1354 1613 1408 1657 au·

308 1684 438 1745 ctoribus
453 1686 632 1765 expoliendis
645 1686 770 1767 aliquem
782 1686 874 1746 relatis
885 1698 999 1766 partem
1013 1687 1208 1758 contriverim,
1220 1697 1315 1766 neque
1326 1687 1409 1767 apud

310 1774 358 1834 Te
370 1776 499 1837 confiteri
513 1778 614 1858 pudet,
629 1780 678 1858 qui
692 1784 750 1851 me,
762 1790 796 1839 ut
809 1780 841 1839 id
855 1791 1025 1841 constanter
1044 1769 1185 1852 facerem,
1203 1790 1314 1839 tautum
1328 1781 1409 1840 omni

308 1867 517 1927 beneficiorum
542 1890 651 1951 genere
673 1872 820 1959 impulisti,
842 1884 983 1959 quantum
1003 1872 1159 1933 incendisti
1179 1873 1298 1932 hortatu
1317 1863 1407 1963 atque

309 1959 492 2022 auctoritate.
534 1962 614 2029 Quid
627 1950 704 2023 enlm
719 1974 781 2049 tam
801 1974 979 2044 potestesse
999 1964 1118 2043 cognitu
1133 1965 1305 2043 jucundum,
1318 1984 1407 2043 qnam

308 2054 482 2133 grauissimis
496 2057 646 2117 sententiis
666 2068 756 2136 atque
775 2058 853 2116 omni
874 2069 978 2117 ornatu
990 2059 1146 2117 verborum
1160 2056 1299 2116 distincta
1312 2057 1408 2117 oratio

307 2158 339 2207 et
359 2147 518 2227 perpolita:
544 2150 815 2211 Ατιιιιιιιιιιιιιιι
836 2150 993 2232 praecipue,
1012 2149 1148 2230 aquibus
1160 2166 1273 2209 summa
1287 2141 1408 2210 dicendi

307 2239 351 2300 vis
365 2250 397 2299 et
415 2240 533 2301 inventa
554 2251 585 2301 et
602 2242 734 2321 perfecta
750 2262 815 2302 esse
835 2240 985 2302 mediter:-
1004 2251 1093 2320 atque
1114 2244 1178 2335 ejus
1199 2237 1315 2300 demum
1334 2241 1409 2299 scri·

308 2332 410 2411 ptoris,
418 2352 468 2410 qur
459 2333 656 2393 felicitatem
655 2334 894 2439 excogitando,
886 2354 917 2393 ιιι
930 2331 1106 2414 explicando
1116 2328 1206 2412 atque
1219 2330 1392 2391 ornando
1360 2350 1408 2390 nr·

306 2434 382 2495 tore,
396 2434 508 2483 tantum
522 2422 634 2485 caeteris
653 2426 684 2485 in
705 2444 741 2485 ea
753 2420 857 2485 urbe
839 2425 980 2505 prestitit,
990 2437 1131 2508 quantum
1143 2444 1182 2485 ea
1194 2424 1257 2504 ipsa
1268 2423 1405 2519 omnibus

306 2516 424 2576 omnino
438 2516 602 2577 nationibus
613 2510 793 2580 antecellere
801 2519 970 2598 judicaturi

348 2609 409 2670 Sed
423 2629 522 2690 neque
531 2610 562 2670 in
569 2603 630 2673 isto
643 2631 754 2720 genere
764 2612 868 2686 laudis,
878 2634 903 2674 ιι
895 2614 984 2693 quid
993 2614 1032 2672 sit
1044 2612 1185 2673 tamenin
1198 2624 1268 2692 apta
1279 2611 1407 2673 colloca·

305 2703 388 2764 tione
406 2705 572 2777 verborum,
593 2715 624 2766 et
645 2706 675 2765 in
694 2723 852 2767 numerosa
874 2704 1108 2767 conformatione
1126 2704 1265 2785 oratioqis
1284 2702 1407 2765 laudan·

306 2797 385 2870 dum,
399 2797 520 2860 istorum
533 2798 683 2860 hominum
697 2797 880 2858 Excellentia
900 2815 990 2876 passa
1006 2807 1054 2854 eat
1074 2811 1107 2853 sc
1120 2792 1284 2853 contineris
1305 2795 1405 2876 neque

304 2891 343 2951 ad
359 2891 582 2970 Rempublicam
595 2891 765 2950 adtulerunt
783 2889 992 2949 infructuosam
1011 2884 1121 2963 ingenii
1134 2884 1289 2957 culturam,
1302 2887 1356 2946 ιιι
1372 2890 1404 2962 ii,

303 2982 353 3060 qui
368 2983 397 3040 in
417 2981 474 3041 iste
485 2981 636 3059 disciplina
653 2981 828 3049 enituerunt,
849 2979 896 3037 vel
911 2979 940 3049 ii,
955 2977 1006 3057 qui
1019 2993 1121 3036 corum
1131 2988 1321 3037 monumenta
1334 2999 1404 3040 cum

303 3072 401 3152 aliqua
414 3073 574 3132 animorum
587 3061 745 3130 attentione
759 3070 1004 3150 contemplantur.
1037 3063 1111 3136 Quis
1120 3064 1197 3128 enim
1208 3066 1314 3142 aaut,
1327 3072 1403 3131 mula

303 3175 367 3224 tum
386 3164 486 3242 utiquc
499 3161 629 3223 conferre
643 3163 681 3222 ad
694 3161 924 3225 moderationem
936 3159 1060 3223 civitatis
1073 3159 1321 3241 diligentissimam
1334 3183 1401 3245 per·

301 3255 525 3335 vestigationem
550 3273 650 3314 earum
670 3255 798 3315 omnium
818 3255 973 3328 rationum,
994 3255 1100 3350 quibus
1110 3251 1270 3314 hominum
1284 3255 1400 3319 mentes

301 3349 349 3414 vel
358 3348 487 3418 aditam,
502 3357 552 3407 aut
565 3334 673 3419 odium,
688 3357 740 3407 aut
753 3337 907 3408 dolorem'
899 3348 1065 3418 incitantur,
1069 3343 1125 3406 ιιι
1139 3347 1210 3407 ab'
1191 3364 1226 3407 ιιι
1239 3349 1399 3408 reflectun-

301 3441 369 3502 turl
390 3441 596 3499 Verumtamen
598 3461 685 3519 ‚quse
699 3440 738 3500 de
751 3443 862 3500 naturis
874 3441 1022 3500 bominum
1035 3451 1067 3501 et
1077 3437 1156 3502 de
1127 3459 1157 3499 ιι
1171 3457 1250 3501 omnr
1241 3441 1398 3502 humanl·

301 3531 369 3593 tetis
382 3521 520 3592 accurate
534 3531 563 3590 in
578 3533 685 3592 scholis
700 3531 894 3613 disputantur,
908 3545 1086 3594 exarescant
1098 3533 1186 3613 plane
1198 3551 1322 3594 necesse
1342 3543 1397 3605 est,

300 3625 355 3685 nisi
369 3623 489 3684 exsistat
502 3625 628 3704 quidam,
641 3625 690 3704 qui
704 3645 740 3684 es
759 3626 905 3688 mentibus
922 3621 1119 3686 hominumue
1132 3623 1398 3698 sensibusforensi

301 3739 368 3790 usu,
391 3728 421 3776 et
442 3719 585 3798 gravitate
605 3719 730 3798 quedam
752 3719 901 3791 orationis,
920 3720 1143 3780 accommodare
1163 3718 1263 3798 possit.
1303 3720 1398 3778 Arma

300 3813 351 3876 llla
360 3815 408 3876 rel
420 3811 631 3874 inflammandis
646 3812 807 3872 animorum
822 3813 946 3873 motibus
959 3814 1005 3874 vel
1019 3807 1233 3890 extinguendis,
1245 3809 1397 3871 scitissime

300 3908 417 3986 quidem
431 3908 460 3966 in
473 3906 576 3964 umbra
590 3903 657 3964 cudi
670 3915 844 3984 potuerunt:
862 3907 891 3965 in
905 3906 969 3965 acie
979 3922 1050 3964 vero
1061 3903 1231 3982 reipublice
1243 3923 1304 3964 non
1311 3913 1396 3982 pote·

299 4010 369 4060 runt
388 3999 496 4059 utiliter
508 3997 562 4056 nisi
583 3997 620 4056 ab
641 4008 756 4057 oratore
774 3999 847 4076 geri.
887 3996 1055 4065 Deinde,si
1073 4010 1174 4055 eorum
1188 3996 1338 4056 laudamus
1350 3995 1395 4065 in·

300 4093 450 4166 ductuum,
465 4091 515 4172 qui
525 4091 564 4150 de
578 4091 691 4170 legibus
704 4084 842 4167 jubendis
854 4101 906 4149 aut
919 4083 1061 4160 vetandis,
1076 4089 1115 4148 de
1128 4086 1336 4169 perspiciendis
1348 4109 1395 4149 ra·

299 4187 427 4249 tionibus
450 4185 716 4246 constituendarum
735 4185 989 4262 regendarumque
1007 4182 1165 4254 civitatum,
1188 4184 1227 4243 de
1244 4183 1340 4255 sociis,
1355 4183 1395 4244 do

298 4281 498 4362 vectigalibus,
521 4279 560 4338 de
582 4278 660 4337 omni
678 4276 847 4355 reipublicae
865 4293 985 4353 genere,
1006 4275 1188 4353 ceterisque,
1208 4275 1271 4337 sine
1287 4273 1395 4355 quibus

298 4371 445 4432 hominum
459 4371 582 4432 societas
596 4381 646 4429 aut
667 4385 742 4439 esse,
757 4377 809 4426 aut
826 4366 903 4426 bene
915 4367 1115 4428 administrata
1134 4387 1199 4428 esse
1212 4387 1272 4428 non
1285 4377 1393 4447 potest,

298 4463 456 4546 quidquam
481 4465 572 4525 literis
595 4463 779 4532 mandarunt,
804 4480 927 4539 quorum
949 4461 1053 4534 omnis,
1075 4449 1241 4522 necessaria
1261 4461 1393 4541 quidem,

298 4555 426 4638 cognitio
441 4557 469 4614 in
479 4557 610 4616 exilitate
625 4554 751 4635 quadam
765 4553 919 4629 doctrinae,
938 4566 969 4616 et
985 4555 1069 4636 qussi
1082 4556 1113 4615 in
1126 4555 1211 4615 lineis
1223 4554 1394 4634 reipublicae
1410 4619 1420 4626 ,
