3150 5125
272 280 364 337 cc'rtrr
556 276 729 339 stoctttt
751 269 1099 337 semimortua..
1124 287 1133 336 ἑ

275 428 402 488 tissimus
425 427 533 509 quippe
548 429 703 509 iuterpres,
721 432 758 490 ab
782 431 921 491 Auctoris
933 430 1027 490 latere
1044 448 1083 489 ne
1100 438 1242 508 puuctum
1255 428 1385 509 quidem

277 522 414 601 temporis
429 522 569 582 dimoveri
583 542 648 582 sese
661 544 772 602 passus,
782 544 842 584 non
855 522 1015 583 sententias
1028 521 1212 580 solummodo
1225 520 1383 601 appendit,

277 635 377 676 serum
397 616 485 675 etiam
503 616 599 676 verbis
618 628 791 677 annumerat
809 617 917 695 ubique
936 617 1045 685 verba3
1066 614 1254 693 eundemque
1274 613 1384 672 dictio-

277 730 346 768 num
361 708 491 768 ordinem
511 720 572 767 tam
591 709 677 768 anxie
698 718 815 787 tamque
839 707 1027 787 pertinaciter
1048 716 1210 777 conservat,
1231 716 1265 763 ιιι
1284 724 1382 784 sape-

277 822 399 861 numero
413 801 500 861 etiam
514 802 678 870 obscurum,
693 800 844 860 horridum
859 811 938 859 certe
953 809 983 857 et
996 799 1188 875 incomptum,
1202 798 1286 857 nobis
1296 798 1380 857 exhi·

277 898 348 955 beat
360 894 525 953 Oratorem.
547 892 715 963 Enimvero,
729 892 809 971 quod
823 892 862 951 ad
875 889 963 950 situm
976 889 1259 968 collocutionemque
1271 891 1382 949 attinet

277 988 442 1057 verborum,
465 1006 541 1061 cum,
553 995 664 1044 temere
689 995 720 1043 et
740 986 851 1064 absque
872 982 1059 1057 necessitate
1072 984 1109 1042 ah
1134 982 1312 1063 exemplaris¹
1330 982 1379 1042 sui

277 1078 372 1138 forma
385 1077 582 1159 recedendum
601 1076 725 1146 nonsit,
747 1074 876 1135 dandum
896 1086 994 1134 tamen
1015 1074 1125 1155 aliquid
1142 1076 1380 1135 auriumestro·

234 1210 240 1223 .
276 1171 512 1250 luptati‚‚neque
532 1166 782 1239 committendum,
802 1178 836 1227 ot
849 1167 1019 1245 scrupulosa
1037 1177 1069 1226 et
1087 1158 1188 1226 servili⁴
1203 1166 1378 1237 imimtione,

277 1264 371 1323 omnis
385 1264 443 1335 illa,
463 1280 522 1340 qua
540 1258 628 1318 divini
642 1278 694 1319 nos
707 1260 891 1339 permulcent
904 1249 1055 1331 Oratores,
1075 1274 1264 1316 mnneromm
1275 1268 1377 1337 pereat

279 1355 471 1416 concinnitas.
540 1352 543 1357 ’

318 1450 352 1506 ln
375 1446 549 1507 contrariam
572 1446 642 1506 huic
662 1466 776 1525 prorsus
798 1448 1053 1528 reprehensionem
1070 1445 1192 1505 incurrit
1218 1444 1375 1523 Dionysius

182 1539 189 1551 “
276 1537 447 1600 Lambinus.
489 1538 588 1610 Fidus,
604 1539 733 1617 elegans,
749 1540 888 1611 disertus;
909 1541 1020 1599 utinam
1034 1548 1064 1597 et
1083 1556 1216 1616 pressum
1230 1535 1329 1595 ‹h'oere
1341 1535 1376 1593 li··

276 1634 383 1691 ruisset
397 1632 609 1708 Interpretem!
633 1630 744 1688 Verum
758 1636 830 1706 ejun
843 1651 902 1709 qua
913 1631 1067 1709 plurimum
1088 1628 1229 1706 pollebat,
1251 1638 1375 1706 compta

276 1722 443 1783 Latinitatis
464 1720 571 1791 studio,
594 1718 730 1799 beneque
757 1720 876 1781 dicendi
901 1721 987 1799 copia
1008 1720 1040 1777 in
1063 1730 1258 1778 transversum
1282 1729 1374 1790 actos,

277 1828 364 1877 extra
383 1814 502 1874 modum
525 1822 676 1891 metasque
697 1832 798 1871 omnes
819 1813 960 1884 excurrit,
980 1822 1012 1871 ct
1029 1812 1154 1871 nitorem
1175 1812 1324 1871 AEschinis
1346 1822 1377 1871 et

277 1905 486 1967 Demosthenis
501 1904 642 1977 δεινότητα
657 1904 856 1984 profusissima
870 1906 1023 1965 verborum
1042 1903 1153 1964 luxurie
1171 1904 1281 1983 pariter
1295 1904 1377 1964 lahe-

276 2000 409 2060 l'actavit.
449 1996 551 2055 Ardua
562 1996 739 2075 complanat,
752 2017 856 2078 pressa
869 1998 981 2068 dilatat,
995 1995 1088 2055 mollit
1100 1996 1237 2065 incitata:
1247 1996 1378 2074 singulas

276 2092 369 2151 ferme
384 2090 526 2150 dictiones
540 2088 661 2148 Graecas
675 2090 787 2149 duabus
809 2101 861 2149 aut
874 2089 962 2149 etiam
975 2089 1106 2169 pluribus
1125 2089 1240 2168 reponit
1252 2088 1377 2162 Latinis,

276 2195 310 2243 ut
324 2183 452 2262 geminet
463 2181 674 2260 propemodum
686 2192 716 2241 et
731 2181 921 2261 conduplicat
935 2181 1145 2260 Archetypum.
1187 2180 1307 2246 Quodsi
1319 2200 1377 2239 suo

276 2276 324 2334 hic
347 2274 465 2353 ingenio
489 2272 668 2349 aliquantum
692 2285 770 2333 esset
793 2275 970 2345 moderatus,
995 2292 1093 2352 neque
1117 2257 1377 2351 supersagrintibus

276 2367 337 2446 ipse
353 2364 476 2423 surculis
490 2362 596 2422 falcem
611 2361 795 2443 denegasset,
811 2386 876 2445 qua
889 2366 945 2425 fuit
958 2364 1067 2424 homini
1081 2364 1234 2443 diligentia
1253 2366 1284 2423 in
1297 2384 1377 2425 asse·

274 2456 399 2537 quendis
409 2454 531 2525 Graecis,
544 2465 574 2513 et
584 2454 756 2516 inexhausta
765 2458 990 2517 lectissimorum
1000 2459 1155 2518 verborum
1166 2458 1264 2537 copia,
1275 2475 1375 2517 omnes

274 2548 409 2630 profecto
422 2547 492 2607 boni
513 2546 683 2628 Interpretis
703 2569 841 2610 numeros
862 2549 1046 2630 explevisset.
1087 2550 1184 2625 Hujus
1206 2549 1295 2628 igitur
1309 2549 1375 2628 Ego

275 2643 380 2704 sinetis
393 2651 509 2721 putator
523 2641 734 2722 qualiscunque
748 2644 875 2703 accessi:
898 2643 967 2701 dedi
986 2661 1118 2721 operam,
1133 2653 1167 2701 ut
1184 2642 1375 2702 luxuriantem

277 2753 342 2795 eam
365 2733 395 2792 in
411 2732 538 2793 dicendo
554 2732 718 2793 ubertatem
744 2734 926 2814 comprimat,
949 2744 980 2793 et
1002 2735 1112 2794 inserta
1134 2734 1216 2812 quasi
1237 2734 1375 2813 depascet

278 2823 391 2884 exilitas
406 2823 570 2883 Wolfiana:
586 2843 683 2902 neque
694 2825 789 2905 siquid
804 2827 834 2884 in
845 2825 1054 2885 oxoniensium
1063 2826 1222 2886 aliorumve
1228 2827 1374 2904 Interpre-

275 2927 337 2974 tum
349 2914 521 2975 Latinorum
535 2916 672 2993 operibus
685 2917 731 2975 vel
745 2935 777 2976 se
798 2928 952 2977 venustate
965 2919 1185 2978 commendaret
1197 2919 1245 2977 vel
1257 2919 1373 2988 robore,-

276 3007 434 3068 traducere
454 3007 484 3064 in
504 3017 605 3092 nostra
619 3006 762 3067 dubitavi:
787 3008 829 3068 ita
848 3009 982 3069 nimirum
1000 3021 1079 3069 ratus
1092 3011 1166 3080 sore,
1187 3021 1222 3070 ut
1235 3011 1376 3070 sincerior

275 3099 367 3160 multo
383 3099 539 3179 puriorque
561 3111 698 3178 exsurgat
716 3100 932 3181 Interpretatio,
951 3123 1038 3181 quam
1058 3104 1082 3162 si
1101 3105 1209 3182 ineptoe
1229 3102 1374 3163 ambitioni

275 3190 447 3263 velificatus,
471 3208 507 3248 ea
520 3209 586 3268 quae
599 3191 637 3250 ab
651 3191 713 3251 aliis
731 3193 808 3252 bene
827 3194 908 3254 dieta
930 3206 1009 3267 sunt,
1023 3197 1125 3254 melius
1144 3195 1209 3274 ipse
1222 3196 1321 3255 dicere
1333 3196 1376 3252 in·

276 3301 390 3343 cassum
405 3281 624 3342 contenderem.
667 3281 764 3343 Multa
777 3285 866 3345 etiarn
879 3285 916 3346 ad
937 3305 989 3344 nos
1011 3287 1165 3345 commoda
1184 3287 1294 3345 invexit
1307 3305 1375 3344 oum

277 3373 394 3434 Gallica
412 3373 615 3452 Interpretatio
629 3373 780 3447 Tourcllii,
802 3387 865 3436 tum
884 3397 955 3436 sero
974 3377 1189 3455 spectatissima
1206 3377 1258 3436 illa
1271 3377 1375 3437 Versio

277 3467 363 3536 Itala,
378 3469 416 3526 ab
437 3465 561 3525 Hieron.
583 3466 684 3538 Ferro,
706 3467 847 3528 Senatore
861 3470 987 3540 Veneto,
1009 3470 1191 3541 concinnata,
1214 3487 1300 3547 quam
1321 3469 1374 3528 diu

277 3559 439 3638 frustraque
451 3578 469 3618 a
479 3579 526 3618 me
541 3559 701 3638 quoesitam,
716 3561 758 3618 vir
769 3562 906 3621 comitate
918 3563 1028 3640 pariter
1042 3572 1074 3621 et
1087 3561 1211 3640 politiori
1224 3561 1377 3620 literatura

277 3653 523 3723 instructissimus,
543 3653 583 3711 A.
604 3651 720 3724 Askew,
741 3651 787 3712 M.
803 3654 842 3712 D.
856 3654 1064 3724 Londinensis,
1085 3673 1211 3726 mecum,
1230 3653 1286 3712 sihi
1305 3655 1375 3713 licet

278 3744 391 3822 ignoto,
408 3763 460 3823 per
474 3743 573 3804 literas
587 3755 716 3823 rogatus,
730 3745 937 3806 humanissime
951 3748 1184 3807 communicarit.

316 3835 445 3895 Textum
460 3834 598 3895 Graecum
611 3837 754 3896 AEschinis
770 3857 809 3896 ex
820 3838 973 3898 luculenta
981 3838 1209 3901 EditiencHen.
1220 3838 1377 3919 Stephani·

177 4006 180 4015 1
276 3928 493 4000 Demosthenis,
515 3947 551 3988 ex
574 3947 611 3988 ea
631 3948 718 4007 quam
733 3929 861 3989 Lutetiae
880 3932 957 4009 typis
980 3930 1131 3991 mandarit
1148 3932 1326 4004 Benenetus,
1341 3944 1380 3992 ut

272 4023 429 4106 plurimmn
444 4021 594 4100 expressi:
618 4019 732 4080 collatis
753 4022 868 4080 interim
883 4022 1045 4102 diligenter,
1068 4035 1101 4082 et·
1118 4023 1260 4102 siquando
1280 4026 1374 4084 slsum

273 4125 327 4185 est,
343 4113 489 4185 adhibitis,
508 4113 758 4172 emendationibus
772 4113 819 4173 Cl.
834 4114 972 4194 Taylori:
994 4127 1094 4176 rerum
1118 4109 1220 4196 paucis
1238 4115 1296 4175 illis
1308 4117 1377 4197 qui·⁴

273 4207 350 4278 dem,
365 4217 396 4265 et
419 4224 531 4264 summa
551 4223 619 4263 cum
640 4202 782 4264 brevitate
804 4207 970 4285 propositis.
1013 4209 1129 4288 Quotus
1149 4207 1227 4267 enim
1246 4207 1375 4286 quisque

270 4299 414 4357 lectorum
437 4305 493 4367 est,
511 4295 560 4374 qui
582 4293 738 4353 dummodo
756 4295 810 4354 sibi
824 4298 962 4358 Auctoris
982 4317 1086 4359 sensus
1106 4298 1210 4370 claros,
1230 4297 1376 4376 etquosd

271 4389 335 4450 lieri
348 4389 442 4469 potuit
455 4385 624 4460 defaecatos,
642 4386 680 4447 ob
694 4387 797 4449 oculos
810 4389 905 4462 sistas,
920 4401 971 4452 aut
989 4390 1108 4452 omnino
1121 4401 1215 4465 curet,
1234 4399 1307 4468 quot
1320 4407 1391 4469 eos⁴
