3150 5125
518 429 580 490 Al)
601 415 952 492 DEMOSTHENEM.
1014 439 1019 450 ⁴
1046 375 1051 402 s
1224 429 1285 490 elsi

166 577 303 653 Aldino,
327 601 415 664 quem
435 581 523 644 etiam
543 583 662 664 reliquas
680 585 834 657 editiones,
846 593 955 662 prester
969 581 1159 654 walanem,
1178 603 1282 646 omnes

162 685 344 735 carnemt.
386 675 483 735 Prima
496 676 654 749 Wolliana,
674 695 735 756 qua
754 695 851 747 cereo,
873 676 897 736 si
917 675 1056 756 epistolas
1073 675 1282 747 Demosthenis
1367 693 1370 699 ’

161 781 228 822 non
240 776 343 839 tenet,
358 767 397 827 de
408 787 468 847 quo
475 769 611 841 viderint,
623 770 730 848 quibus
742 771 830 849 copia
838 768 942 849 primse
952 768 1108 829 Wolfiauae
1122 780 1177 841 est,
1187 769 1281 848 prinu
1302 777 1308 794 ¹

163 853 260 916 dedit
275 878 332 920 eas
352 860 491 922 Parisina
504 881 573 930 nam
591 861 622 920 in
634 863 765 942 epistolis
779 862 987 924 Demosthenis
1006 861 1072 922 linit
1090 861 1157 922 bec
1178 861 1279 924 editio.

160 953 326 1014 mantissae
344 955 411 1014 loco
424 956 552 1034 adjectae
570 968 638 1016 sunt
656 944 745 1016 varim
762 956 906 1017 lectiones
927 966 957 1014 et
978 965 1059 1015 notae
1077 954 1110 1012 in
1131 953 1280 1014 orationes

163 1041 390 1114 Demosthenis
410 1058 441 1106 et
462 1048 493 1106 in
515 1047 627 1108 scholia
641 1047 771 1128 Ulpiani.
801 1048 974 1110 Videbimus
985 1048 1023 1107 de
1044 1047 1088 1114 bis
1101 1045 1189 1125 paulo
1202 1055 1280 1124 poet.

163 1133 311 1197 Instituit
327 1139 473 1200 Morellus
492 1140 638 1200 orationes
657 1140 866 1200 Demosthenis
886 1141 915 1200 in
931 1139 1127 1218 paragraphus
1139 1137 1281 1211 dividere,

164 1229 287 1306 quibus
300 1232 415 1292 numeri
428 1231 472 1291 sui
485 1242 554 1292 sunt
570 1233 601 1291 in
620 1233 753 1310 margine
767 1231 897 1291 interiori
918 1231 1053 1310 appositi.
1093 1229 1130 1290 In
1143 1231 1281 1304 exteriori

164 1331 244 1379 sunt
267 1321 360 1382 iidem
379 1323 492 1382 numeri
510 1323 627 1383 scholiis
648 1323 752 1396 additi,
765 1341 826 1401 quo
840 1322 939 1382 statim
958 1320 1079 1380 inveniri
1100 1331 1209 1400 posset,
1221 1339 1281 1401 quo

165 1411 327 1474 scholium
348 1415 488 1493 quodque
511 1410 701 1473 referendum
713 1425 807 1482 esset,
830 1414 919 1472 sarie
942 1412 1087 1476 lectiones
1105 1414 1145 1474 ad
1163 1421 1282 1474 textum

164 1505 363 1582 pertinentes
375 1516 526 1585 occupant
537 1505 698 1583 marginem
714 1505 896 1574 interiorem,
911 1507 1086 1564 exteriorem
1106 1517 1205 1567 autem
1224 1525 1280 1577 ese,

111 1619 122 1628 ·
167 1613 247 1676 quae
261 1597 301 1654 sd
321 1597 433 1655 scholia
450 1595 585 1654 redeunt.
626 1595 699 1655 Pers
719 1615 763 1667 ea,
784 1615 873 1675 quam
889 1596 1002 1656 curavit
1015 1597 1170 1670 Metellus,
1182 1599 1282 1660 multis

168 1687 277 1746 modis
287 1697 410 1767 prestat
423 1686 497 1766 perti
510 1685 666 1764 posteriori
674 1687 852 1747 a·Lambino
865 1698 986 1748 curetes.
1029 1688 1204 1750 chartarum
1216 1690 1282 1768 ipse

166 1777 274 1840 ferma
296 1798 413 1849 norum,
432 1779 487 1838 sed
506 1779 680 1839 deteriorem
699 1779 850 1840 dominum
874 1789 904 1840 st
922 1782 1149 1859 gubernatorem
1168 1783 1279 1862 prodit.

166 1871 299 1932 Cberte
311 1873 341 1930 in
350 1882 433 1950 parte
446 1871 612 1932 Moreliana
623 1882 693 1934 suut
704 1871 806 1942 firmas,
824 1883 857 1934 et
869 1871 1011 1943 candidas,
1025 1873 1055 1933 in
1069 1885 1154 1954 perte
1167 1893 1213 1946 ea,
1228 1875 1291 1936 cui-

168 1963 324 2042 prasfuere
344 1963 505 2036 Lambinus
525 1964 745 2035 etBenenatus,
765 1975 834 2024 eunt
855 1977 971 2043 tenues,
991 1965 1135 2038 flaccidos,
1157 1966 1279 2040 bieme,

168 2055 315 2117 sordidoe.
356 2057 396 2116 ln
404 2057 494 2136 priori
510 2067 597 2137 perte
610 2077 670 2117 non
683 2059 754 2117 satis
767 2057 866 2118 mirari
884 2077 1003 2137 pomum
1018 2059 1244 2121 demonstratam
1258 2079 1279 2122 a

169 2145 310 2209 Morello
332 2147 582 2226 diligentiam‚.ad
605 2149 741 2209 minutias
764 2169 846 2228 saepe
868 2149 1075 2220 delabentem
1098 2150 1183 2210 obsiti
1205 2163 1278 2212 sunt

88 2267 96 2280 ·
168 2239 351 2318 spississima
363 2241 449 2320 copie
461 2239 633 2300 variantium
648 2240 794 2317 margines
814 2238 889 2299 illius
908 2241 1009 2319 primae
1022 2239 1280 2318 pertisrcodices,

170 2331 259 2390 unde
278 2351 406 2411 quaeque
425 2332 516 2396 lectio
536 2341 738 2402 essetsumta,
759 2331 890 2393 indicati.
931 2333 969 2392 Iu
988 2345 1071 2412 perte
1085 2332 1278 2396 Lambiniana

172 2424 274 2483 multo
286 2423 412 2483 rariores
425 2423 581 2483 varietates
594 2422 737 2495 lectionis,
747 2435 780 2484 et
791 2443 857 2504 quae
867 2425 986 2486 tandem
994 2425 1166 2505 afferuntur,
1175 2445 1277 2488 earum

172 2535 266 2596 prena
286 2517 397 2595 ubique
418 2516 561 2577 reticetur
580 2516 757 2585 auctoritem
781 2517 928 2597 pleraeque
950 2515 1052 2599 harum
1075 2511 1144 2580 sunt
1167 2528 1219 2579 aut
1239 2537 1278 2581 ex

174 2608 303 2680 Aldine,
317 2620 416 2669 eut-ex
431 2608 572 2687 Obsopoei
584 2608 696 2679 codice,
711 2608 834 2688 (dequo
847 2610 925 2688 post)
939 2623 990 2669 aut
1004 2610 1178 2685 Fericium,
1192 2624 1244 2676 aut
1256 2633 1278 2675 e

175 2701 366 2772 Manutiana,
387 2711 439 2760 ant
459 2718 497 2759 ex
519 2699 578 2759 alio
599 2700 736 2779 quopiam
759 2711 889 2772 auctore,
913 2702 1100 2781 conquisitae3
1122 2705 1277 2769 rarissimss

113 2810 120 2819 ·
174 2804 255 2866 sunt,
278 2814 350 2874 quas
365 2794 526 2873 ·suspiceris
551 2812 571 2852 e
595 2792 744 2855 codiobus
770 2792 858 2871 regiis
886 2792 1023 2853 Parisinis
1052 2814 1119 2857 esse
1146 2795 1277 2859 haustas.

173 2887 289 2947 Nescio
307 2906 345 2947 an
359 2887 520 2947 Lambinus
540 2903 593 2945 eoe
612 2903 762 2964 nunquam
783 2886 953 2964 inspexerit,
971 2886 1032 2949 sive
1046 2885 1275 2965 quodlsborem
1336 2946 1339 2953 ,

174 2980 343 3059 defugeret,
358 2980 418 3039 sive
427 2979 507 3058 quod
515 2996 619 3038 eorum
632 2977 717 3057 copia
727 2977 783 3057 ipsi
794 2988 960 3056 negaretur,
971 2978 1051 3058 quod
1060 2978 1201 3041 credibile
1213 3000 1276 3043 nou

174 3082 231 3133 est.
283 3071 355 3132 Pars
376 3071 542 3131 Morelisna
562 3070 798 3131 emendatissima
818 3080 872 3143 eet,
893 3071 944 3130 vix
963 3089 1052 3131 unum
1073 3082 1124 3131 eut
1148 3071 1276 3135 alterum

158 3202 164 3209 -
174 3164 310 3245 sphalma
321 3174 437 3243 typogr.
450 3164 482 3222 in
495 3184 533 3224 ee
543 3163 663 3223 memini
677 3161 908 3242 deprehendere.
951 3163 1024 3227 Pars
1038 3174 1140 3226 contra
1151 3164 1273 3229 Lambi-

173 3258 267 3317 niena
277 3258 390 3317 mendis
403 3267 497 3317 scatet
509 3268 541 3317 et
553 3276 675 3317 numero
687 3255 818 3335 plurimis
833 3266 864 3315 et
876 3255 1050 3317 foedissimis.
1091 3256 1126 3316 In
1139 3256 1272 3321 Motello

174 3348 431 3427 intemperantiam
448 3348 607 3428 diligentie
619 3353 735 3420 notea*
749 3348 782 3407 in
795 3346 939 3408 Lambino
952 3348 1155 3409 incredibilem
1173 3368 1276 3414 secur·

175 3441 257 3501 diam
271 3451 303 3501 et
321 3440 455 3520 inopiam.
480 3442 640 3503 ⁴Motellus
660 3439 797 3503 codicum
818 3460 935 3501 suorum
947 3441 995 3501 sel
1007 3439 1174 3519 quisquiliae
1194 3441 1274 3521 ipsas

175 3552 311 3595 eorraaas
324 3534 407 3594 nobis
418 3535 547 3613 ingessit,
560 3535 720 3595 Lambinus
733 3552 772 3593 ne
784 3552 915 3612 gemmas
928 3532 1045 3612 quidem
1063 3532 1131 3595 iude
1151 3534 1273 3615 conqui-

173 3628 253 3700 sivit,
274 3626 480 3687 dissimillimus
495 3626 642 3687 decessori
662 3644 823 3687 successor.
844 3625 939 3685 saltim
954 3626 1179 3689 demonstrasset
1192 3622 1274 3689 u'nds

159 3722 334 3784 ⁸lectionem
347 3740 492 3800 quamque
506 3720 665 3780 sumsisset.
703 3718 773 3779 Jam
786 3736 856 3779 vero
869 3718 981 3777 nescias
994 3716 1064 3796 quid
1078 3718 1176 3779 codici
1186 3729 1271 3792 nuto,

175 3815 248 3897 quid
265 3815 415 3894 impresso,
436 3823 467 3873 et
485 3813 541 3884 cui,
555 3811 625 3892 quid
645 3810 734 3890 ipsius
746 3809 883 3870 Lambini
904 3810 1046 3870 debeatur
1066 3810 1194 3889 ingenio,
1219 3822 1272 3871 aut

176 3907 295 3977 Woltii3
315 3926 384 3967 nam
404 3916 436 3965 et
454 3910 515 3981 ejus
536 3910 869 3980 conjecturas,.auctore
883 3903 984 3975 tacito,
998 3903 1069 3963 alias
1089 3904 1120 3963 in
1139 3906 1271 3983 margine

175 4000 353 4071 Lutetiam,
367 3999 438 4059 alias
450 4000 483 4058 in
493 3998 590 4059 indice
602 3996 709 4059 retulit.
737 3996 832 4059 ludex
844 3996 964 4057 hicnon
977 4014 1070 4057 meres
1083 3998 1270 4073 conjecturas

176 4094 313 4156 Lambini
325 4095 446 4173 prebet,
459 4093 538 4173 quod
548 4091 659 4172 'l'aylor
668 4090 802 4171 opinems
814 4100 859 4149 est
869 4092 963 4168 (raras.
968 4088 1086 4169 quidem
1099 4086 1163 4152 illas
1176 4092 1271 4160 tanet)

175 4188 231 4248 sed
250 4184 404 4266 plerasq'ue
417 4185 559 4246 lectiones
572 4185 689 4248 Aldine
703 4194 755 4245 aot
767 4183 887 4245 aliarum
900 4192 1082 4245 vetustarum
1093 4179 1271 4252 editionum

207 4390 228 4429 1·
243 4390 329 4452 nyer
338 4390 380 4453 (ar
393 4406 416 4451 ,.
430 4390 487 4438 2³1.
497 4388 552 4453 ss.)
562 4367 686 4438 estensi
698 4388 826 4439 saetam
836 4404 882 4451 m
896 4390 980 4437 sauro
993 4386 1139 4433 merum
1152 4384 1271 4449 pruga-

180 4466 290 4527 sgpsllet.
306 4466 347 4529 (Τ.
360 4466 394 4513 11.
407 4480 432 4527 p.
443 4468 500 4515 tot.
512 4465 548 4539 t.)
574 4464 655 4513 asino
668 4466 778 4515 &meti
788 4466 859 4529 longe
870 4464 966 4529 optim,
977 4462 1039 4525 qaod
1050 4460 1080 4509 ad
1090 4468 1225 4513 contextam
1236 4470 1272 4513 st·

180 4540 247 4588 tinet.
264 4540 388 4589 llarklsod
396 4542 426 4589 sd
437 4556 462 4603 p.
472 4541 530 4592 804.
541 4543 583 4589 19.

221 4642 296 4687 vor..
317 4644 341 4688 r.
477 4647 486 4655 ·
550 4690 556 4703 ‚
755 4648 775 4688 r
