3150 5125
483 428 543 487 nn
565 408 915 489 nnuosrunsnrr.
1179 425 1265 489 exeo
1320 475 1327 491 ‚

582 714 712 781 secu.
737 712 850 781 xxr.

547 882 594 945 De
611 888 680 946 libro
696 884 879 947 Weimoroao.

206 1029 388 1101 isrnnnurr
399 1039 490 1100 affero
500 1040 660 1120 quedome
669 1041 745 1100 libro
753 1036 998 1110 Weimnrano,de
1009 1034 1146 1118 quomibi
1160 1036 1263 1118 paucis

167 1129 322 1191 dicendum
336 1142 481 1213 superest.
523 1132 763 1203 bartholomeus,
775 1129 1065 1191 V.C.Bibliotlrecoe
1074 1129 1182 1202 ducali,
1195 1150 1262 1211 quae
1323 1209 1326 1215 Δ
1452 1154 1463 1163 ·

167 1222 325 1284 Weimerae
345 1235 398 1297 est,
418 1223 584 1303 prefectus,
604 1225 648 1284 vir
660 1243 802 1305 perquam
820 1222 963 1282 officiosus
976 1234 1009 1283 et
1020 1223 1172 1296 humanus,
1192 1242 1263 1285 cum

163 1316 322 1377 audivisset
339 1336 388 1379 rna
406 1317 613 1379 Demosthenis
627 1317 735 1378 edendi
754 1314 869 1394 cepisse
888 1315 1051 1386 eonsilium,
1063 1316 1143 1377 ultro
1155 1317 1194 1377 ad
1212 1337 1261 1378 me

133 1412 142 1418 '
162 1406 300 1469 mittebat
318 1428 420 1470 mense
433 1406 575 1472 Janoorio
589 1408 670 1469 Anni
685 1410 773 1472 1766.
794 1407 963 1485 exemplum
982 1402 1119 1468 editionis
1143 1408 1262 1492 Aldinae

167 1514 205 1557 ex
226 1500 287 1572 ills,
306 1500 355 1561 cui
373 1509 492 1579 preest,
509 1499 687 1560 bibliotheca
707 1498 815 1569 ducali,
830 1498 879 1557 cui
900 1498 1036 1577 exemplo
1050 1499 1166 1575 Aldine,
1185 1502 1266 1579 quod

167 1590 237 1649 olim
249 1610 342 1671 penes
356 1592 567 1671 Marqusrdum
582 1592 712 1652 Gudiunr
728 1590 795 1661 i‘uit,
815 1590 868 1649 sed
882 1609 901 1650 a
915 1591 951 1650 C.
964 1590 996 1651 S.
1008 1590 1264 1666 Scburzfleiscbio,

166 1680 199 1739 id
210 1682 291 1761 quod
303 1700 406 1742 manus
419 1686 484 1760 ejus
493 1693 627 1754 tumtur,
641 1684 671 1741 in
682 1680 887 1742 bibliothecam
901 1681 1009 1741 ducum
1020 1682 1266 1745 Weimarenainrn
1309 1694 1315 1701 “

165 1770 288 1843 illatum,
303 1773 457 1852 adscriptae
469 1782 552 1833 erant
571 1792 591 1831 a
603 1774 718 1832 duobus
730 1772 861 1843 diversis,
875 1771 969 1831 altero
982 1774 1155 1853 antiquiore,
1169 1776 1264 1836 altero

161 1864 287 1937 juniore,
310 1864 451 1923 lectiones
474 1862 572 1941 sarire,
592 1864 622 1922 in
642 1863 745 1942 quibus
767 1864 856 1923 etiam
879 1864 1027 1924 nonnullae
1050 1874 1118 1925 sunt
1139 1867 1266 1948 vulgatis

167 1954 388 2015 emendatiores.
431 1953 496 2014 Has
517 1953 634 2034 appello
657 1953 859 2013 Wer‘moroaem
881 1953 1060 2033 simpliciter,
1074 1974 1127 2015 seu
1145 1955 1263 2017 Weimo·

165 2062 263 2104 renum
280 2054 470 2115 correctorem,
480 2044 529 2105 vel
542 2051 739 2106 annotatorem.
779 2045 816 2105 ln
828 2044 889 2103 line
900 2044 986 2120 hujus
1006 2040 1117 2106 codicia
1126 2048 1203 2109 doec
1214 2068 1263 2109 re·

166 2137 229 2217 peri
244 2146 391 2197 ennotsta.
406 2138 434 2196 J.
448 2138 481 2195 de
498 2136 599 2203 Volcolr
617 2136 735 2195 Venetus
748 2136 796 2195 M.
806 2136 944 2194 locatorio
956 2141 1046 2197 1592.
1059 2140 1161 2198 moa·
1172 2142 1201 2200 ia
1214 2144 1265 2201 loo

167 2231 257 2289 codice
268 2231 363 2288 nodos
376 2228 503 2289 ketiones
515 2229 667 2287 movit.
708 2227 794 2287 Idem
807 2228 837 2285 ni
846 2225 943 2297 fallor,
956 2227 987 2284 in
998 2228 1097 2287 fronte
1109 2230 1175 2289 libri
1187 2228 1265 2309 banc
1284 2285 1288 2293 .

167 2321 386 2399 proscripserat
413 2319 641 2405 adpronitionem
663 2318 793 2389 (Multos
812 2318 843 2375 in
866 2318 948 2397 lujat
974 2320 1074 2377 cortici
1096 2324 1269 2401 marginibus

168 2412 295 2471 lectionar
321 2412 415 2471 oarioa
427 2412 633 2471 aie..·rrotr'rtos
646 2410 745 2486 reperi.
776 2409 858 2467 Alica
876 2410 970 2471 noodr
982 2430 1015 2468 es
1027 2412 1142 2471 obesas
1155 2414 1268 2474 librarii

168 2504 270 2575 coelice,
291 2522 359 2583 quos
376 2505 418 2562 ito
438 2501 552 2580 signori
562 2504 592 2562 2.
608 2508 640 2559 trt
653 2520 671 2559 o
683 2502 778 2578 primis
790 2503 1023 2580 dignoscerentur.
1064 2503 1099 2563 ss·
1111 2521 1192 2582 quom
1213 2526 1267 2566 ou·

170 2585 227 2656 terr
238 2597 268 2654 irs
280 2597 329 2655 loe
342 2595 432 2654 codice
445 2595 583 2666 beticum
597 2594 709 2652 sinim
721 2594 838 2654 alteria
849 2595 950 2660 codiois
968 2596 1079 2655 tectim
1098 2599 1199 2669 ἑπυεηί,
1213 2619 1266 2675 op·

166 2689 307 2765 pominus
318 2705 441 2746 numeros
455 2689 483 2745 1.
498 2689 528 2746 2.
556 2684 658 2744 Posce
669 2685 779 2743 iteres
793 2685 878 2743 tertio
889 2687 981 2744 coelice
1000 2688 1043 2744 ito
1064 2689 1182 2766 signore
1199 2699 1265 2748 aest

167 2779 214 2856 ὃ.)
254 2780 332 2838 Hoec
346 2778 396 2837 ilia
408 2795 511 2836 manus
524 2794 611 2837 nors.
623 2795 690 2856 que
710 2775 781 2836 mibi
801 2775 898 2837 omnia
917 2788 987 2836 sunt
1004 2779 1129 2838 obscura
1141 2790 1172 2839 et
1184 2780 1269 2841 inex·

119 2889 130 2898 ·
167 2870 323 2950 plicabilie.
365 2869 485 2940 Nescio,
500 2867 565 2948 quis
577 2867 628 2929 ille
640 2867 729 2928 fuerit
748 2867 903 2941 Valerios,
915 2869 970 2930 uisi
983 2879 1029 2929 eat
1046 2870 1146 2949 potius
1156 2871 1269 2931 Volce-

168 2961 243 3022 biua.
257 2961 360 3022 nescio
374 2960 423 3040 qui
437 2960 546 3020 fuerint
558 2963 620 3036 ejus
633 2959 763 3030 codices,
775 2978 850 3038 qnos
862 2961 990 3033 numeria
1000 2967 1028 3022 1.
1038 2966 1068 3024 2.
1080 2967 1110 3022 3.
1124 2961 1266 3023 distinxit.

169 3053 318 3133 pleraeque
338 3051 541 3112 annotationes
561 3062 645 3111 erant
658 3069 677 3112 e
691 3051 823 3112 secundo
831 3051 943 3130 petitoe.
957 3071 1024 3131 quse
1036 3071 1105 3112 cnm
1117 3053 1266 3133 pleraque

170 3145 360 3206 convenirent
372 3162 441 3203 curn
454 3143 582 3204 editione
596 3143 680 3203 Pauli
694 3142 831 3213 Monuni,
847 3143 922 3223 coepi
934 3143 1073 3222 auspicari
1087 3163 1169 3204 ease
1185 3146 1266 3206 Pau·

170 3238 231 3298 lino
245 3237 317 3297 illuc
333 3237 485 3298 translatas
504 3253 577 3296 esse.
621 3235 683 3294 Sed
695 3234 800 3294 falsam
814 3234 905 3294 fuisse
922 3235 1000 3295 banc
1016 3237 1210 3314 suspicionem
1224 3257 1266 3300 ex

172 3349 210 3388 eo
224 3327 322 3398 didici,
335 3327 415 3408 qnod
428 3328 573 3388 nonnulle
594 3327 624 3385 in
644 3327 697 3386 illo
717 3325 794 3386 libro
807 3325 995 3386 Weiroorano
1018 3326 1157 3405 leguntur
1175 3330 1265 3391 ranae

174 3421 357 3494 lectiones,'e
369 3419 497 3482 secondo
510 3429 669 3490 annotatae,
691 3436 756 3499 qnae
769 3437 829 3480 non
840 3429 960 3480 exstant
971 3419 1004 3478 in
1013 3417 1146 3480 Paulina.

575 3754 705 3822 SECT.
728 3744 863 3823 XXII.
993 3773 996 3780 ·

545 3911 591 3972 De
611 3915 681 3974 libro
695 3913 885 3992 Lessingiono.
907 4001 911 4006 .

212 4068 317 4132 Mrsrr
333 4068 371 4129 ad
383 4081 432 4127 tne
446 4061 616 4147 Lessingius
626 4067 665 4130 V.
676 4070 714 4131 C.
727 4071 817 4150 poeta
827 4068 931 4130 nobilis
944 4065 1147 4143 Germanicus,
1160 4067 1266 4131 fabulis

170 4163 271 4226 multia
284 4162 418 4231 scenicis,
432 4159 616 4232 Laocoonte,
630 4161 752 4242 aliisque
772 4162 933 4242 insignibus
951 4162 1062 4241 ingenii
1076 4163 1270 4225 monumenti·

171 4256 352 4325 nobilitatus,
367 4253 540 4333 Hamburgo
552 4251 702 4326 Aldinorn,
715 4255 762 4316 cui
773 4254 895 4315 diverse
909 4273 1012 4314 manus
1022 4249 1116 4314 valae
1128 4254 1269 4316 lectiones

174 4355 207 4406 et
225 4347 338 4408 scholis
350 4343 469 4415 inedito,
484 4363 607 4424 quorum
629 4345 770 4427 pleraque
788 4346 820 4405 in
832 4345 977 4421 Bararico
997 4345 1067 4404 item
1091 4345 1196 4423 reperi,
1216 4347 1269 4407 atl-

151 4501 155 4511 ,
173 4439 335 4517 icripsere3
354 4459 418 4518 quae
428 4455 551 4518 quorum
563 4457 665 4500 manus
678 4440 798 4512 suerint,
810 4437 890 4498 baud
900 4446 1024 4506 constat,
1036 4455 1132 4514 neque
1146 4436 1205 4496 ullo
1216 4459 1269 4518 po·

174 4529 216 4590 tui
226 4531 446 4609 deprehendere
456 4542 507 4592 aut
519 4528 659 4608 colligere
671 4529 897 4591 induruimus
906 4539 952 4590 est
961 4527 1012 4590 ille
1024 4527 1097 4590 liber
1105 4527 1270 4606 Pitboeano,

216 4649 292 4696 vot.
314 4651 337 4698 r.
690 4635 749 4694 ib
