3150 5125
392 397 451 455 AD
474 384 840 458 SUUM'DEMOSTH.
862 398 1074 460 PRAEFATT.
1241 398 1282 458 iiii

192 551 257 610 bi‘ss
268 546 439 629 peruentum
452 548 517 620 fuit,
530 550 570 608 'in
583 550 716 611 Isocrate
728 547 924 612 dubitationes
944 572 1024 612 meas
1036 551 1068 611 in
1085 554 1168 612 caios
1189 554 1284 633 operis

181 641 346 701 -as'rrioteria
362 652 450 721 atque
463 642 495 701 in
509 641 710 703 Demosthene
724 642 830 703 Graeca
842 644 956 722 pridem
974 644 1151 721 marginibus
1169 645 1282 723 adjeci:

189 744 222 795 et
233 735 263 791 in
276 734 335 792 iius
356 734 576 794 annotationum
597 734 635 794 a'd
656 732 777 813 primam
801 734 1008 815 Olynthiacam
1032 754 1161 795 mearum
1185 755 1283 813 requos

190 826 317 895 lectores
330 826 439 905 rogavi,
453 836 487 885 ut
500 844 584 885 suum
597 826 636 886 ad
650 846 696 886 me
710 828 894 907 perscribere
902 826 1042 903 judicium
1059 846 1118 886 non
1132 834 1284 905 graiarea-

191 930 248 981 tur.
289 920 379 988 Quod
400 920 540 979 hactenus
563 920 680 998 quidem
703 939 721 979 a
743 922 869 991 nemine,
886 920 1103 999 quibuscunque
1118 920 1157 979 de
1176 918 1281 990 causis,

191 1031 258 1073 esse
277 1011 386 1072 factum
405 1012 551 1091 cognovi:
571 1023 658 1091 atque
671 1012 690 1073 ii
705 1012 792 1071 etiam
812 1012 1075 1082 medestituerunt,
1091 1030 1163 1091 quos
1184 1030 1283 1070 coram

192 1105 283 1175 orari,
296 1116 329 1163 ut
342 1122 421 1164 suam
431 1109 585 1165 censuram
600 1105 796 1183 interponere,
811 1122 848 1164 ac
862 1114 923 1162 tum
938 1104 1006 1162 mibi
1020 1113 1082 1161 tum
1095 1103 1167 1173 aliis,
1183 1104 1286 1163 utrius·

194 1216 262 1275 qna·
274 1196 382 1275 lingum
404 1194 591 1267 amatoribus,
610 1195 748 1256 inseruire
767 1196 966 1255 obscuriorum
980 1196 1110 1254 iocorum
1131 1198 1282 1274 (quantum

191 1288 256 1348 iieri
269 1288 589 1369 possetiiliustratione'
604 1288 802 1367 dignarentur.
823 1295 828 1302 ’
845 1287 920 1345 iilud
937 1277 1055 1365 quidem
1077 1287 1193 1347 abunde
1215 1288 1284 1346 mibi

191 1382 324 1459 contigit,
345 1400 403 1461 quo
421 1380 494 1439 nolli
514 1389 687 1459 praestantes
705 1378 756 1437 viri
771 1378 837 1459 (etsi
851 1398 908 1457 ego
926 1398 974 1437 me
993 1379 1022 1437 in
1046 1398 1112 1437 eum
1132 1388 1285 1439 numerum

194 1473 311 1533 minime
330 1472 438 1549 refero)
458 1490 587 1550 unquam
601 1482 771 1542 'caruerunt
794 1480 828 1531 ut
846 1472 1005 1531 existerent
1019 1471 1229 1531 homunciones
1243 1471 1286 1549 ig:

193 1564 271 1637 nari,
291 1574 470 1643 arrogantes,
486 1562 613 1634 delicati,
634 1562 778 1633 maledici,
793 1563 844 1641 qui
859 1563 991 1622 caninam
1012 1575 1113 1623 contra
1124 1584 1173 1622 me
1184 1562 1286 1622 facun-¹

194 1656 273 1715 diam
292 1658 482 1717 exercerent:
502 1674 575 1733 quos
589 1662 645 1732 ego
659 1654 704 1713 rei
713 1654 848 1732 opinione
862 1673 916 1713 sua
929 1657 1033 1715 beatos
1046 1674 1122 1726 esse,
1137 1656 1182 1715 vei
1197 1655 1288 1738 iissre
1304 1664 1308 1675 '

194 1748 413 1819 contabescere,
428 1748 474 1807 vei
491 1748 596 1807 latratu
614 1765 697 1806 auras
709 1746 833 1826 impiere
842 1747 931 1807 iacii'e
944 1749 1047 1827 patior,
1058 1749 1287 1808 et'oonscientiia
1307 1765 1310 1772 ⁴

194 1858 268 1898 mem
285 1838 447 1898 testimonio
461 1848 668 1906 contemnant
681 1838 855 1917 posteritatis
868 1840 1042 1918 aequioribus
1051 1839 1172 1916 judiciis
1184 1840 1287 1912 fretus,

150 1988 153 1996 ,
193 1930 402 2007 vaierejubeo.
445 1932 520 1995 Quae
533 1929 603 1990 cnm'
615 1930 655 1988 ita
674 1928 748 2002 sint,¹
760 1949 819 2009 ego
838 1952 895 2002 me,
910 1931 959 2009 qui
972 1950 1018 1999 ea,
1035 1920 1101 2011 quas
1114 1932 1242 1991 tenuitas
1255 1942 1287 1991 et

194 2022 303 2101 ingenii
319 2032 350 2081 et
370 2021 494 2081 fortune
519 2042 594 2081 meae
615 2020 722 2093 ferunt,
737 2022 835 2083 omnia
848 2022 1004 2101 diiigenter
1016 2024 1199 2102 fideliterque
1213 2044 1287 2102 prae·

194 2114 324 2185 stiterim,
338 2114 408 2173 boni
421 2112 596 2185 viri‘offioim
615 2125 645 2174 et
669 2115 837 2193 reipublicae
855 2115 990 2174 literaria)
1011 2116 1134 2175 studiosi
1152 2116 1288 2175 sunctum

194 2205 418 2265 esse-confides
461 2206 549 2264 Faxit
566 2207 651 2266 Deus
672 2206 811 2285 Optimus
826 2207 987 2275 Maximus,
1008 2207 1070 2264 sine
1092 2213 1175 2281 cujus
1188 2208 1289 2266 favone

194 2297 302 2356 frustra
314 2296 597 2374 nosfsdgomusnr
618 2316 707 2375 opera
727 2316 794 2355 men
812 2307 925 2355 tantum
938 2296 1030 2376 prosit
1043 2298 1185 2367 omnibus,
1200 2318 1290 2376 quan·

196 2400 259 2449 tum
273 2390 468 2469 ego'veiiem:
481 2400 580 2466 utque
593 2389 710 2449 labores
724 2390 753 2447 bi
768 2390 826 2449 mei
841 2391 944 2449 eodem
960 2392 1260 2450 animorumcendore
1274 2411 1292 2451 a
1335 2416 1342 2423 ·

198 2482 357 2541 lectoribus
378 2480 571 2558 excipiantur,
583 2500 642 2560 quo
655 2500 731 2541 ame
744 2484 872 2562 suscepti
885 2483 1065 2563 perfectique
1084 2494 1159 2542 sunt.
1201 2484 1291 2542 Pera·
1403 2481 1406 2488 “

197 2578 315 2637 mum
330 2576 408 2636 enim
419 2585 474 2644 est,
485 2575 565 2634 nulio
578 2595 632 2634 suo
646 2576 851 2645 emolumento,
861 2577 985 2655 publicae
999 2577 1143 2635 duntaxat
1162 2575 1291 2635 utilitatis

197 2657 292 2750 gratia
300 2670 491 2737 laborantem,
503 2666 659 2727 virulentas
674 2668 761 2728 etiam
775 2668 1015 2727 calumniatorum
1029 2669 1143 2744 linguas
1154 2666 1290 2745 experiri:

199 2778 322 2841 quorum
336 2776 468 2820 susurros
478 2769 571 2838 'atque
586 2760 705 2820 aculeos
719 2761 743 2819 si
758 2761 866 2819 evitare
877 2770 939 2818 ‘non
951 2759 1062 2828 iicebit,
1078 2759 1150 2816 iliud
1164 2778 1209 2816 me
1226 2779 1293 2817 con·

196 2851 343 2925 solabitur,
363 2851 592 2932 quodMsgnns
608 2851 777 2912 Alexander
799 2854 977 2931 usurpabat,'
991 2852 1097 2929 regium
1119 2843 1183 2907 erse'
1198 2851 1293 2907 audire

197 2949 276 3018 mole,
289 2967 349 3004 cam
355 2945 542 3024 sometime.
584 2943 734 3022 Mitigabit
747 2955 779 3002 et
791 2944 841 3002 iila
854 2944 927 3002 ratio
941 2942 1070 3001 dolorem
1092 2960 1198 3011 meum,
1213 2941 1293 3018 quod

197 3038 309 3101 mrdati
330 3057 431 3097 omnes
451 3037 531 3099 haud
550 3037 703 3096 difficulter
716 3031 906 3117 perspiciunt,
921 3037 951 3095 id
966 3055 1058 3114 genos
1078 3035 1293 3095 criminationes

198 3133 257 3193 nbn
266 3143 325 3192 tam
339 3132 376 3191 ab
387 3121 599 3209 improbatione
612 3131 710 3208 magni
720 3121 842 3190 conatus
852 3140 890 3189 ac
899 3129 1023 3188 difficilis
1033 3129 1129 3208 operis
1143 3137 1292 3186 contemtu
1308 3141 1311 3146 ’

199 3223 351 3305 plebeisci,
362 3219 709 3302 quam‘ab‘oemuiation'e,
721 3214 935 3292 malevolentia,
950 3220 1074 3279 invidia:
1088 3233 1160 3298 'quse
1174 3221 1202 3276 in
1215 3239 1293 3277 sum·
1391 3286 1396 3296 ¹

199 3335 248 3376 ma
257 3313 438 3393 ‘turpitudine
450 3313 480 3373 id
494 3313 587 3396 scium
600 3314 690 3375 habet
702 3315 782 3385 boni,
796 3315 874 3394 quod
886 3315 931 3384 iis,
943 3316 976 3372 in'
987 3333 1108 3392 quorum
1123 3312 1229 3372 ‘animis
1246 3330 1293 3372 se·

200 3410 269 3468 dem
281 3406 353 3476 fixit,
367 3405 520 3486 plurimum
534 3406 617 3465 effert
636 3408 712 3467 maii.
756 3407 824 3485 Ego
837 3427 905 3466 vero
918 3407 1029 3465 iliorum
1043 3407 1157 3466 miseria
1170 3426 1228 3465 non
1242 3407 1293 3464 de·

197 3501 299 3570 lector,
311 3499 364 3558 sed
375 3499 478 3558 eos'ita
489 3498 591 3558 felices
603 3519 667 3558 esse
681 3501 854 3570 veliem,'nt,
866 3519 932 3576 qnae
947 3500 1162 3578 reprehendunt
1177 3506 1207 3557 et
1221 3519 1290 3558 exa·

190 3593 304 3671 ,gitant
324 3590 511 3668 corrigerent,
531 3609 567 3649 ac
589 3592 677 3669 longe
700 3591 820 3650 meliora
842 3591 997 3650 efficerent
1052 3593 1097 3650 ita
1119 3593 1236 3651 demum
1261 3603 1294 3653 et'

201 3683 403 3772 existimationi
425 3703 485 3740 suoe
507 3682 701 3753 consulerent,
723 3695 755 3743 et
775 3683 912 3742 studiosis
926 3685 1107 3762 prodessent,
1123 3697 1152 3744 et
1165 3705 1238 3744 meae
1250 3687 1295 3744 fa·

201 3797 266 3848 mae,
282 3777 305 3834 si
320 3775 413 3854 gratia
426 3774 579 3833 doctorum
596 3773 752 3853 indignum*
767 3795 830 3834 esse
844 3765 956 3853 putant,
972 3777 1038 3854 (etsi
1058 3798 1228 3856 persuasum
1242 3779 1294 3838 ha·

200 3869 267 3940 beo,
279 3878 389 3927 temere
399 3866 531 3938 fortasse,
544 3867 598 3956 sed
608 3877 707 3932 tamen
721 3887 890 3946 persuasum
911 3869 1016 3941 habeo,
1028 3866 1172 3930 neminem
1186 3875 1294 3931 bonum
1395 3922 1398 3926 .

201 3970 232 4020 et
245 3961 362 4020 doctum
377 3959 445 4017 mihi
459 3979 523 4018 esse
536 3959 693 4046 inimicum)
711 3961 973 4021 incommodarent.
1015 3962 1074 4022 Sed
1087 3966 1163 4023 bene
1176 3983 1292 4042 speron-

101 4049 104 4058 ⁴
202 4053 376 4132 dumpotius
389 4064 542 4131 est‚quam
555 4053 633 4112 maie
647 4055 851 4115 eminandum:
873 4055 906 4114 et'
921 4055 1006 4131 hujus
1020 4067 1127 4116 nostrae
1142 4047 1313 4115 laboriosos·
1363 4052 1370 4068 ”

203 4145 406 4215 conversionis,
431 4156 517 4223 atque
542 4147 715 4224 operosioris
736 4147 824 4208 etiam
846 4149 1052 4226 recognitionis
1081 4159 1213 4214 euentus,
1235 4146 1294 4204 for·

105 4321 110 4328 -
202 4251 282 4297 tunoe
300 4237 501 4319 lectorumque
517 4236 635 4312 judiciis
652 4238 878 4318 permittendus:
899 4261 1031 4319 quaequo
1046 4239 1173 4316 nequiore
1185 4256 1293 4316 cogno·

201 4329 336 4400 serimus,
356 4348 392 4387 eo
410 4329 565 4388 reddemur
582 4330 621 4390 ad
642 4330 832 4391 absolvendos
848 4337 943 4407 justos
963 4333 992 4391 in
1012 4329 1243 4390 Demosthenem
1263 4343 1296 4392 et

202 4421 362 4482 Isocratem
385 4422 616 4492 commentarms,
638 4415 803 4483 alacriores.
845 4424 999 4502 AEquitatis
1020 4433 1117 4482 autem
1130 4443 1193 4485 esse
1211 4436 1293 4504 puto,

203 4513 341 4592 pauculos
355 4529 478 4584 errores,
492 4532 566 4590 quos
584 4512 612 4571 iu
626 4515 737 4592 prolixo
756 4534 847 4594 opere
862 4534 967 4576 carere
982 4514 1175 4576 difficillimum
1195 4529 1249 4591 est,
1263 4529 1295 4578 et
