3150 5125
275 307 384 370 cmi.
506 307 562 368 ro.
584 307 778 370 rrrnortr
800 265 1130 370 snorsoorrsrrr

272 469 375 545 poploe
387 465 504 535 ἰατικὸς
518 465 695 542 πέμψαντος,
708 468 754 527 tal
766 471 908 541 γενναίως
926 469 978 538 triv
995 463 1159 542 περίστασιν
1172 461 1266 542 φόρῐιν
1275 485 1393 540 ,ταρβ-

273 562 437 629 καλοῦντος,
451 561 498 624 ecl
510 568 579 629 πῶς,
600 559 663 637 ἔφη,
678 557 802 637 δύναμαι
819 563 858 638 μὴ
871 557 1025 620 horreretur
1038 557 1166 628 τοιαύτης
1179 554 1314 632 πατρίδος
1333 555 1393 612 ἐκ·

272 646 465 728 βαλλόμενος,
486 651 518 708 ἐν
535 645 594 732 pini
612 646 793 720 ἀδικηθέντες
814 653 858 708 rol
877 653 1089 731 rrpooupshotier
1107 648 1173 713 roric
1194 645 1389 712 ἀδικοῦντας.

273 741 383 802 Anton.
397 752 428 800 et
442 740 526 801 Mers.
540 759 629 802 serm.
643 737 798 816 Vltro..
839 741 1033 808 Hoc‘dictum
1047 739 1097 802 elii
1110 738 1306 798 Demostheni
1322 739 1389 798 tn‘·

272 834 367 913 bunut
376 833 407 892 in
414 833 497 914 fuge„
511 832 662 894 AEeehines
673 833 774 896 Rhodi
782 833 915 898 sobolem
924 834 1047 916 spernit,
1070 831 1187 892 Scholoe
1197 829 1386 892 Rhodiecoe.

273 925 352 994 Plut.
365 925 446 986 Snid.
457 925 488 984 in
501 923 590 986 Pbot.
600 925 631 986 in
642 925 732 986 Deru.
746 947 776 1006 p.
787 932 859 990 804.
881 927 1031 990 Maximus
1042 923 1258 1002 Gnnrnologus.
1278 923 1386 982 Hunc

273 1018 378 1079 exsilio
388 1017 542 1097 delegerat
550 1018 659 1080 locum.
680 1018 802 1086 Quintil.
816 1019 892 1082 XII.
909 1026 956 1083 10.
978 1015 1177 1080 Theiounder
1187 1015 1223 1076 of
1226 1014 1278 1077 the
1287 1015 1384 1074 Rho·

273 1109 341 1170 dinn
350 1111 427 1182 iden,
439 1110 561 1191 Aliquid
568 1111 673 1190 gentis,
684 1110 794 1190 aliquid
802 1113 939 1186 auctoris,
948 1113 1083 1172 between
1088 1108 1169 1170 Attio
1176 1107 1236 1167 end
1246 1107 1382 1168 Ashtic.

273 1201 351 1264 Ibid.
362 1203 488 1267 omnino.
531 1204 622 1264 Suum
635 1204 797 1265 orationem
812 1203 936 1265 Rhodiis
949 1203 1033 1282 legit,
1049 1199 1189 1282 postridie
1203 1199 1380 1260 demosthe-

273 1295 380 1354 nicum.
394 1298 421 1354 ri
432 1295 462 1355 dd
475 1300 500 1356 ti
514 1299 599 1356 atron
611 1303 659 1356 rosi
673 1296 783 1374 θηρίου.
795 1297 871 1357 Plin.
885 1296 1074 1375 11.1“3[).11.θῒΙ
1088 1293 1141 1353 IV.
1154 1298 1185 1354 5.
1207 1293 1303 1352 Cicer.
1312 1290 1380 1354 ΙΙΙ.

275 1387 314 1449 de
328 1399 436 1448 orator.
450 1387 527 1448 Plio.
541 1387 611 1466 VII.
626 1393 676 1450 90.
697 1388 798 1450 Veler.
813 1389 897 1450 Μαι.
912 1388 999 1450 VIII.
1015 1392 1063 1447 10.
1074 1406 1103 1467 p.
1116 1387 1186 1450 397.
1203 1383 1376 1444 Promeae

274 1479 402 1547 Photin
413 1480 561 1558 Nschine,
574 1480 697 1546 Quintil.
711 1482 767 1542 XI.
780 1487 810 1544 3.
826 1507 875 1562 σχ.
890 1481 1000 1560 Scnlig.
1012 1479 1050 1540 ed
1060 1504 1091 1539 rr.
1103 1501 1230 1557 rroparp.
1246 1475 1379 1538 rrreron.

272 1573 294 1632 I.
304 1578 336 1636 2.
350 1574 408 1654 Ep.
417 1577 448 1634 9.
457 1573 561 1635 select.
574 1571 701 1654 Pnonp.
714 1578 766 1638 99.
777 1574 828 1635 ed.
838 1573 1000 1634 Hoescbel.
1014 1573 1093 1632 Plut.
1104 1570 1134 1630 in
1145 1568 1184 1630 X.
1194 1569 1303 1630 rhetor.
1314 1569 1378 1627 dis-

273 1664 391 1732 simulet
407 1664 567 1726 oudonem
586 1664 677 1727 Dem.
698 1667 747 1728 eb.
767 1665 904 1727 AErcbine
921 1665 1012 1727 fuisse
1034 1663 1197 1726 recitatam.
1239 1661 1286 1722 To
1303 1661 1376 1722 trrlre

274 1756 420 1816 ourlesne
430 1757 467 1816 of
478 1757 645 1834 AEschiuep.
660 1757 780 1839 Olymp.
796 1758 909 1820 CXIV.
925 1763 952 1818 l.
966 1756 1115 1820 concernit
1129 1756 1259 1830 Samum,
1271 1764 1304 1815 et
1312 1773 1376 1814 non

273 1847 323 1908 diu
333 1848 482 1927 postobiit
493 1867 571 1909 sono
581 1860 630 1910 sst.
644 1852 696 1915 75.
708 1851 826 1913 Febric.
837 1851 897 1912 Vit.
910 1849 1012 1912 AEscb.

314 1941 434 2021 Olymp.
448 1939 562 2002 CXIII.
572 1945 603 2002 2.
631 1951 682 2002 tet.
695 1942 786 2004 Dem.
800 1948 851 2007 55.
872 1939 1032 2022 Herpelns,
1047 1935 1164 2000 relictus
1181 1947 1299 2017 setrepe
1313 1939 1370 1998 Be-

272 2033 398 2114 hylonie,
412 2034 483 2094 dum
493 2032 665 2096 Alexander
674 2034 705 2094 in
719 2035 832 2094 Inditrm
844 2032 1004 2114 profectus,
1018 2033 1085 2112 ejus
1103 2031 1200 2092 reditu
1214 2030 1372 2109 desperato

272 2127 469 2206 voluptstibns
488 2136 521 2188 et
538 2126 661 2188 luxurie
680 2145 714 2188 se
733 2127 831 2188 trudit.
871 2127 1005 2188 Reverso
1028 2135 1126 2186 sutem
1150 2124 1299 2204 Harpalus
1315 2123 1370 2202 sihi

272 2230 416 2290 metuens,
426 2217 591 2281 convasatis
603 2217 732 2298 quinque
750 2219 925 2292 talentorum
939 2218 1067 2278 millibus
1078 2217 1266 2295 (incredibile
1280 2215 1373 2290 dictu)

274 2311 410 2370 Athenas
433 2310 523 2370 venit.
562 2309 727 2371 Decretum
750 2309 959 2372 Demosthenis
986 2309 1025 2372 de
1049 2307 1184 2389 Harpalo
1210 2328 1270 2369 non
1298 2306 1371 2368 reci-

272 2401 391 2482 piendo.
433 2402 582 2480 Horpslus
594 2402 625 2462 in
640 2401 761 2464 Cretam
773 2404 901 2482 muger.
929 2401 1108 2464 Interficitur
1116 2401 1295 2464 Philoxenus
1303 2401 1371 2460 Me-

273 2493 360 2572 cedo.
400 2491 475 2569 Ejus
504 2492 598 2554 literne
625 2494 665 2556 nd
691 2495 804 2556 Athen.
836 2494 874 2555 de
905 2494 1041 2576 pecuniis
1068 2493 1248 2575 HrupnIIcie.
1290 2493 1372 2554 Nihil

271 2586 304 2648 in
321 2586 355 2647 iis
376 2587 414 2649 de
428 2586 640 2663 Demosthene,
663 2589 781 2651 temeui
798 2600 863 2651 5551
876 2588 1049 2649 Alexandro
1069 2598 1100 2648 et
1114 2587 1278 2648 Philoxeno
1298 2587 1373 2647 infe·

272 2678 423 2744 etissImus.
448 2680 617 2742 Pausanias.
647 2680 733 2743 erlis
745 2682 855 2761 regius.
868 2684 958 2741 πόσον
969 2683 1034 2757 ἄγει
1045 2706 1054 2753 3
1067 2684 1124 2753 ts..
1139 2705 1184 2741 σοι
1197 2680 1372 2761 1015151115.

272 2772 344 2839 Non
357 2773 488 2853 Anginn,
505 2773 560 2833 sed
578 2773 756 2853 Argentine.
787 2773 885 2831 Aliter
899 2772 1015 2833 Gellius
1030 2772 1085 2833 XI.
1107 2777 1134 2836 9.
1151 2792 1179 2833 v.
1201 2782 1232 2835 et
1246 2771 1301 2832 XI.
1321 2777 1370 2831 10.

272 2865 343 2926 Non
355 2865 478 2926 sodietis
492 2885 570 2936 enm,
586 2864 636 2944 qni
657 2865 798 2945 poculum
817 2864 926 2925 hebeti
947 2865 1027 2925 Plut.
1069 2866 1145 2926 Cum
1159 2863 1249 2926 Polus
1269 2865 1370 2927 histrio

272 2956 403 3027 dixisset,
415 2957 440 3016 ei
459 2955 551 3016 biduo
564 2956 708 3015 telentum
721 2954 837 3033 egendo
857 2955 1002 3017 lucratum
1017 2956 1117 3031 IuIsse,
1131 2967 1162 3017 et
1182 2976 1251 3037 ego,
1269 2955 1371 3036 inquit,

271 3046 360 3108 unico
374 3030 422 3107 die
435 3045 562 3106 escendo
575 3047 686 3108 colente
698 3048 837 3127 quinque.
860 3048 939 3111 Plut.
954 3050 992 3109 X.
1006 3050 1097 3113 Rbet.
1119 3050 1234 3111 Gellius
1247 3050 1289 3111 eit
1302 3050 1371 3109 Ari·

271 3138 432 3222 stodemus,
449 3156 512 3199 noc
525 3137 625 3198 Polus.
646 3139 866 3202 Aristodemum
880 3141 1049 3205 histrionem
1070 3143 1224 3223 tregicum,
1238 3142 1370 3203 menimis

272 3230 312 3291 de
324 3231 410 3291 rebus
419 3229 502 3313 pecie
515 3250 553 3292 ec
566 3230 636 3291 belli
645 3232 776 3314 legetum
786 3234 826 3295 sd
837 3233 1007 3316 Philippum
1016 3234 1212 3309 Athenienses
1225 3254 1305 3315 steps
1318 3234 1373 3293 mi-

270 3336 382 3385 serunt.
423 3325 532 3387 Cicero
544 3325 649 3404 fragm.
662 3326 729 3386 libri
742 3332 773 3389 4.
787 3328 826 3389 de
839 3316 918 3409 Ilep.
933 3326 1023 3389 Dem.
1037 3338 1068 3389 et
1081 3328 1186 3389 AEech.
1201 3351 1233 3387 rr.
1246 3352 1371 3409 rnporp.

272 3417 389 3477 Gellius
399 3417 455 3479 XI.
469 3423 500 3481 9.
513 3418 552 3479 sd
562 3417 745 3479 Milesiorum
757 3439 885 3495 mosem,
899 3420 930 3481 in
941 3440 1000 3500 que
1013 3420 1103 3481 Deru.
1117 3420 1245 3501 quinque
1255 3420 1372 3479 telenn's

270 3511 416 3573 edentium
428 3531 514 3573 suum
527 3513 668 3575 vendidit.
682 3533 720 3575 ex
733 3514 864 3577 Critoleo
878 3515 960 3576 Hist.
973 3532 1033 3574 non
1045 3514 1084 3576 nd
1092 3515 1167 3575 bone
1182 3514 1372 3593 Hsrpslicnm

271 3601 461 3683 questionem
474 3604 576 3683 refert,
590 3615 621 3666 et
633 3606 765 3686 proximo
778 3607 868 3669 etiem
882 3607 979 3687 capite
995 3606 1125 3669 Demedi
1138 3607 1241 3681 tribuit
1254 3626 1292 3667 ex
1306 3626 1372 3667 ore·
1482 3642 1486 3649 -
1536 3614 1537 3622 ’

270 3697 352 3772 tione
367 3698 401 3759 C.
415 3697 557 3773 Gracchi,
567 3719 627 3779 que
637 3701 738 3780 Iegem
748 3702 886 3763 Aufeiam
900 3701 1043 3763 diuuuit.
1086 3700 1226 3765 Dinarchi
1236 3702 1267 3760 in
1282 3702 1372 3763 Deru.

272 3791 366 3853 oratio
379 3790 417 3852 de
434 3792 567 3872 pecuniis
581 3793 758 3873 Herpelicis.
800 3795 998 3859 Athenienses
1011 3792 1097 3855 veriti
1114 3814 1153 3854 ne
1170 3792 1307 3874 pecunie
1325 3814 1373 3853 re·

270 3884 381 3945 tionem
392 3884 518 3963 reddere
532 3897 711 3962 tenerentur,
728 3886 831 3961 domos
849 3900 998 3956 oratorum
1011 3899 1239 3968 perscrutentur.
1261 3889 1372 3949 Demo-

269 3978 387 4039 sthenes
404 3977 588 4058 plebiscitum
606 3980 719 4051 scribit,
732 3990 766 4039 nt
779 3982 973 4060 Areopagites
993 3998 1029 4041 ee
1043 3980 1082 4041 de
1102 3999 1134 4039 re
1148 3990 1325 4060 quererent,
1340 3990 1373 4039 et

271 4072 371 4136 affines
385 4073 481 4153 culpe
493 4073 640 4158 punirent.
681 4072 863 4152 Hyperides,
882 4072 1024 4153 Pytheas,
1046 4072 1300 4149 Meneseecbmus,
1316 4072 1373 4131 Hi-

269 4184 406 4246 merens,
427 4165 550 4227 Proclue
568 4165 697 4244 quinque
716 4175 902 4228 accusatores
915 4166 954 4227 do
972 4166 1104 4246 pecunie
1124 4167 1220 4246 Herp.
1240 4166 1328 4227 Phot.
1341 4164 1374 4225 in

271 4256 358 4317 Dem.
368 4267 401 4319 et
411 4258 578 4338 Hyperide.
618 4257 782 4329 Patroclus,
794 4276 853 4318 non
868 4257 999 4331 Proclus,
1015 4260 1095 4323 Plut.
1114 4260 1153 4323 de
1169 4260 1207 4321 X.
1222 4268 1296 4322 ornt.
1310 4259 1375 4319 De·

270 4349 439 4410 mosthenee
459 4352 614 4427 demontus
637 4350 798 4423 econcilio
821 4352 1041 4433 Areopagitico.
1083 4353 1135 4426 Lis
1158 4352 1374 4432 quinquaginta

271 4439 388 4502 talentis
404 4442 557 4505 estimntn.
596 4443 634 4503 In
644 4462 796 4507 carcerem
810 4450 972 4529 conjectus,
985 4443 1090 4527 purtim
1105 4447 1143 4507 oh
1160 4444 1300 4524 pudorem
1314 4443 1372 4505 cri·
