3150 5125
649 392 810 454 RElSKll
830 390 1057 453 palarmo

699 723 830 789 SECT.
854 722 1004 790 XXVI.

685 893 731 951 De
743 894 876 955 indicibus
887 895 1013 971 udisque.

343 1052 516 1119 lsnrcrsus
530 1056 679 1127 instruam,
699 1075 718 1117 a
736 1076 784 1117 me
798 1058 956 1128 confectis,
971 1056 1008 1119 ad
1028 1056 1150 1137 paginas
1171 1055 1309 1117 editionis
1325 1070 1412 1117 mea·

302 1150 536 1219 accommodatis,
559 1158 589 1209 et
609 1149 850 1221 Demosthenem,
871 1153 986 1228 atejus
1006 1150 1133 1220 sodales,
1154 1148 1310 1220 historicis,
1329 1170 1405 1229 geo-

304 1242 457 1320 graphicis,
479 1241 586 1319 legum,
609 1238 819 1299 vocabulorum
843 1251 874 1301 et
897 1240 1065 1311 dictionum,
1086 1258 1144 1300 nec
1166 1258 1226 1299 nou
1247 1240 1404 1313 rariorum,

305 1334 410 1413 cuique
440 1333 619 1413 propriarum
649 1333 839 1393 locutionum.
878 1333 1090 1395 Demosthenis
1122 1334 1235 1394 indices
1262 1335 1402 1395 volumen

303 1444 394 1484 unum
408 1436 573 1505 separatum
594 1423 764 1502 implebunt.
805 1426 843 1485 In
858 1426 986 1506 reliquos
999 1438 1130 1487 oratores
1141 1446 1215 1506 quos
1229 1427 1344 1487 confeci
1355 1429 1400 1485 in-

303 1518 393 1586 dices,
414 1516 444 1575 hi
457 1517 517 1577 suis
535 1516 643 1595 quique
656 1516 807 1577 autoribus
823 1519 1022 1594 subjicientur.
1065 1518 1115 1577 ad
1128 1519 1255 1597 reliquos
1268 1530 1402 1579 oratores

199 1632 215 1651 ·
305 1630 372 1689 quse
386 1610 454 1669 mihi
463 1620 563 1689 parata
576 1606 633 1699 sint
643 1608 771 1669 subsidia
780 1610 892 1682 critica,
906 1610 936 1670 in
947 1609 1168 1691 proefationead
1179 1630 1232 1669 eos
1241 1629 1400 1689 exponam.

304 1702 451 1760 Volumen
477 1700 638 1759 secundum
665 1700 886 1774 Demosthenis,
915 1704 994 1782 quod
1024 1714 1092 1763 ants
1119 1702 1229 1762 exitum
1256 1704 1398 1774 autumni,

303 1812 390 1871 quem
402 1792 565 1871 proximum
579 1800 793 1871 exspectamus,
807 1814 826 1853 e
844 1796 936 1874 proelo
955 1794 1137 1875 proditurum
1157 1794 1301 1873 spondeo,
1318 1815 1397 1855 com·

288 1884 449 1965 ¹plectetur
463 1884 622 1945 orationum
634 1884 756 1945 classem
766 1896 907 1964 quartam,
918 1898 1003 1966 prout
1011 1886 1136 1945 Wolfius
1147 1884 1251 1957 divisit,
1260 1886 1289 1943 in
1302 1886 1397 1945 cauda

303 1976 423 2055 privatis
445 1976 597 2056 plerasque
617 1971 776 2037 versantes.
801 1978 992 2056 subjicientur
1015 1978 1069 2037 illis
1092 1978 1122 2053 l)
1146 1976 1345 2038 dedicationes
1366 1988 1399 2038 et

304 2069 489 2147 prefationes
503 2067 661 2129 editionum
674 2068 855 2148 superiorum
870 2070 1076 2130 Demosthenis
1085 2068 1225 2140 omnium,
1234 2069 1301 2131 he.
1316 2071 1397 2141 Aldi,

306 2162 454 2235 Feliciani,
469 2161 552 2223 Pauli
567 2162 702 2234 Manutii,
718 2162 827 2235 Wolfii,
841 2164 986 2235 Lambini,
1001 2160 1130 2243 Taylori.
1143 2166 1175 2237 d)
1189 2151 1306 2223 collatio
1314 2162 1398 2243 pagi·

303 2274 407 2315 narum
425 2255 597 2315 nobiliorum
618 2254 777 2315 editionum
792 2256 1000 2317 Demosthenis
1015 2254 1133 2314 Aldinae
1145 2265 1227 2333 puta,
1242 2254 1397 2313 Wolhanse

305 2347 490 2418 Basileensis,
518 2347 673 2407 Wolfianae
700 2348 928 2419 Francfurtanoe,
960 2359 990 2408 et
1018 2345 1166 2420 Parisinus,
1194 2367 1262 2406 cum
1288 2357 1397 2406 nostra.

305 2438 525 2503 Commentariis
539 2438 639 2497 Wolfii
658 2440 810 2519 praefigam
824 2440 1039 2520 Biographiam,
1051 2458 1105 2499 seu
1125 2439 1337 2518 expositionem
1358 2440 1398 2498 de

303 2532 423 2593 fortunis
436 2536 507 2608 ejus,
522 2530 665 2612 rebusque
679 2532 715 2592 ab
731 2551 768 2592 eo
788 2532 818 2592 in
837 2532 928 2594 literis
947 2532 1051 2613 gestis,
1065 2532 1104 2592 ab
1119 2530 1182 2612 ipso
1196 2518 1316 2612 copiose
1328 2550 1397 2592 con·

303 2625 455 2708 scriptam
475 2625 505 2683 in
519 2643 576 2704 qua
593 2623 686 2684 multa
704 2624 778 2686 scita
791 2626 910 2686 suntad
924 2626 1026 2686 melius
1036 2625 1273 2703 cognoscendam
1286 2624 1398 2685 littera·

303 2737 367 2778 rum
382 2717 588 2786 conditionem,
604 2716 733 2795 quasillo
747 2729 811 2778 erat
825 2717 942 2789 saeculo,
953 2715 1034 2796 quod
1045 2715 1184 2776 Wolfiunr
1197 2715 1273 2776 tulit.
1314 2717 1397 2776 Nun·

303 2829 391 2892 quam
410 2810 507 2870 lucem
521 2807 593 2868 vidit
612 2809 781 2888 opusculum
795 2810 863 2881 huc,
877 2830 936 2888 qua
948 2808 1148 2888 dignissimum
1161 2819 1234 2868 erat.
1276 2807 1396 2888 Copiam

306 2909 367 2976 ejus
388 2899 456 2960 mibi
470 2901 541 2960 fecit
563 2899 686 2959 lacobus
702 2899 880 2972 Bruclrerus,
894 2899 932 2959 V.
954 2901 990 2960 C.
1013 2901 1098 2978 cujus
1120 2898 1266 2978 egregiam
1281 2919 1397 2978 operam

302 2993 448 3071 fidemque
466 2992 496 3050 iu
510 2991 641 3050 ornando
654 2990 855 3050 Demosthene
868 3010 935 3050 meo
949 2991 1020 3050 mihi
1038 2991 1228 3071 approbatam
1241 2990 1310 3051 satis
1321 3012 1398 3071 prse-

304 3083 402 3144 dicare
424 3082 519 3141 serbis
539 3099 599 3138 non
619 3099 748 3160 possum.
789 3081 910 3162 Taylori
928 3081 1156 3152 demosthenica,
1177 3093 1210 3142 et
1232 3103 1298 3162 quaa
1318 3083 1397 3142 edita

304 3185 374 3236 sunt
396 3173 433 3232 ab
458 3171 520 3250 ipso
539 3169 635 3229 adhuc
654 3171 819 3250 superstite,
835 3187 866 3233 et
884 3194 950 3254 quos
970 3174 1000 3233 in
1020 3175 1189 3234 adversariis
1210 3175 1322 3246 relicta,
1346 3175 1399 3234 ubi

304 3278 409 3326 nactus
422 3283 473 3323 ero
491 3263 528 3323 ab
548 3261 683 3322 Askerris
697 3264 733 3322 V.
749 3265 784 3325 C.
798 3265 920 3327 reddam
941 3267 1047 3327 omnia.
1089 3267 1218 3327 Materia
1230 3266 1332 3328 critica
1343 3287 1396 3347 pe-

306 3357 406 3418 culiari
420 3353 565 3414 volumine
579 3353 659 3414 dabit
680 3355 851 3418 collationes
871 3359 1008 3419 librorum
1022 3358 1229 3421 Demosthenis
1241 3372 1272 3420 et
1285 3361 1400 3428 calamo

305 3459 496 3518 exaratorum,
511 3457 542 3506 et
562 3445 640 3526 typis
659 3447 749 3507 reneis
770 3470 956 3511 excusorum.
998 3451 1203 3511 commentarii
1227 3452 1283 3511 mei
1308 3471 1399 3531 pecu·

304 3539 376 3600 liare
390 3539 459 3598 item
473 3537 609 3599 volumen
624 3539 794 3620 implebunt.
829 3543 907 3604 Haec
921 3555 966 3604 est
980 3541 1136 3626 descriptio
1150 3543 1207 3604 mei
1218 3545 1326 3626 operis.

690 3873 819 3940 SECT.
842 3877 1012 3943 xxvlt.

664 4045 840 4108 Accessiones
850 4049 1035 4130 prefatioais.

346 4225 507 4284 Facessat
525 4223 574 4283 hic
593 4223 734 4303 praefandi
753 4227 853 4298 finem,
867 4229 922 4290 nisi
936 4228 1156 4290 intervenissent
1168 4228 1316 4300 nonnulla,
1330 4249 1398 4310 qun

306 4335 354 4376 me
366 4337 449 4396 prens
462 4319 609 4396 fugerant,
624 4317 780 4394 dequibus
798 4328 897 4379 tamen
914 4322 1066 4382 admoneri
1083 4323 1210 4382 lectores
1227 4341 1321 4394 meos,
1333 4321 1397 4380 dili·

306 4409 478 4487 gentiusque
493 4408 593 4468 doceri
613 4427 665 4486 par
683 4426 747 4466 esse
762 4409 875 4483 judico.
916 4413 1073 4473 Debebunt
1084 4413 1203 4492 quidem
1222 4414 1321 4472 omnia
1337 4413 1398 4472 suis

303 4499 375 4559 locis
390 4501 492 4560 ordine
506 4510 642 4585 enarrata
652 4497 751 4564 luisse.
777 4501 838 4563 Sed
847 4504 1047 4583 praefationem
1060 4505 1138 4567 hanc
1150 4525 1210 4567 uon
1224 4515 1399 4566 maturatam
