3150 5125
285 374 320 435 ru
589 329 872 429 arianensia
892 337 1075 427 woniir-
1153 373 1159 387 ·

286 524 418 607 mrpreti'
431 544 487 588 nec
502 522 590 605 priori
604 520 722 583 editioni
734 518 1098 601 decessitucepo'steriori
1109 518 1236 580 accurit
1245 518 1388 581 inultam.
1398 514 1425 543 ''

291 622 391 687 Quare
405 617 551 679 neminem
560 616 623 675 fors
637 634 722 695 spero
735 625 795 675 tam
804 614 943 693 iniquum,
956 622 990 671 at
999 612 1106 672 factum
1119 612 1177 671 boc
1190 622 1390 673 menmacse·

290 712 329 773 be
340 708 544 789 reprehendat.
580 705 794 779 ¹Demosthenis
804 716 911 775 autem,
926 705 1034 781 dequo
1047 710 1123 763 nnnc
1135 703 1317 782 potissimum
1328 706 1390 763 no·

291 802 336 865 bis
357 799 502 881 agendum
516 809 570 870 est,
583 798 640 860 aba
654 796 783 857 conditio
795 796 862 855 fuit.
903 796 980 855 Nam
999 795 1029 852 in
1050 805 1087 853 ed
1105 794 1302 855 convertendo
1322 814 1388 854 ma»-

288 896 354 972 jors
377 902 407 952 et
431 890 571 969 religione
595 900 626 950 et
650 889 802 955 verborum
825 887 998 966 pamimmia
1022 904 1101 945 eram
1122 905 1202 959 usus,
1217 897 1249 945 et
1260 886 1388 963 vestigia

292 984 532 1053 Demosthenicae
550 980 684 1048 ambonis
705 998 781 1060 pane
799 970 995 1059 superstitiose
1008 982 1209 1057 persecutna'
1229 979 1329 1044 Quare
1341 977 1391 1035 fa-

291 1088 371 1139 ntum
385 1074 450 1149 luit,
464 1084 497 1133 nt
510 1072 616 1133 alicubl
629 1072 719 1133 latina
732 1071 824 1131 oratio
838 1071 925 1150 paulo
939 1070 1034 1129 minus
1049 1068 1231 1131 obscuritatis
1251 1069 1388 1140 baberet,

292 1187 379 1248 quam
393 1166 510 1237 Graeca,
523 1164 553 1223 in
566 1182 625 1243 qus
641 1164 687 1223 ael
710 1163 860 1225 Plutarchi
880 1172 912 1223 et
931 1160 1067 1242 Dionysii
1086 1160 1249 1223 testimonio
1272 1162 1410 1219 samma

292 1279 357 1325 esse
371 1258 499 1327 creditur
512 1257 693 1336 intelligendi
706 1275 824 1336 quoque
835 1255 1003 1317 difficultas.¹
1035 1256 1234 1315 Accesserant
1245 1266 1277 1315 et
1289 1258 1389 1313 errata

293 1354 514 1437 typographica,
539 1352 674 1433 opinione
696 1372 761 1413 mea
781 1372 852 1413 sane
872 1362 904 1411 et
921 1352 1005 1430 plura
1028 1361 1059 1410 et
1082 1350 1223 1428 graviora.
1277 1350 1388 1409 Parum

165 1516 167 1522 A
293 1446 383 1519 eninr,
404 1457 437 1506 ut
456 1465 488 1505 re
509 1444 572 1524 ipsa
585 1444 764 1505 declaratum
778 1444 892 1515 estaol
914 1442 1037 1521 Oporiui
1059 1462 1139 1515 cura,
1161 1444 1207 1503 rel
1228 1443 1386 1523 presentia

295 1560 361 1601 mea
381 1540 478 1613 valuit,
500 1550 601 1599 contm
621 1538 817 1619 operariorum
840 1536 1049 1615 negligentiam
1072 1546 1104 1596 et
1120 1536 1386 1615 importunitatem:

294 1652 457 1713 quanquam
472 1632 501 1692 in
515 1631 616 1712 scripti
630 1630 804 1709 exemplaris
822 1628 1068 1708 perturbationem
1087 1628 1183 1707 cnlpae
1203 1628 1301 1708 aliqua
1318 1630 1388 1708 pars

293 1723 424 1801 ,conferri
442 1733 550 1802 potest.
605 1723 709 1782 Sumus
724 1722 801 1782 enim
815 1720 867 1799 ipsi
882 1720 956 1782 misle
976 1720 1165 1800 confuseque·
1175 1720 1339 1791 scribendo,
1353 1733 1386 1783 et

294 1815 498 1895 expungendis
517 1825 605 1895 atque
622 1814 782 1877 inserendis
795 1813 879 1874 variis
899 1813 1091 1886 emblematis,
1101 1813 1132 1871 in
1145 1832 1244 1885 causa,
1257 1814 1323 1892 (sed
1341 1814 1385 1891 ig·
1407 1823 1413 1833 '

297 1906 441 1974 nmeimns
454 1906 507 1986 ipsi
521 1906 616 1983 nobis)
627 1917 660 1969 ιιι
675 1905 739 1965 libri
757 1905 844 1966 nostri
856 1905 1012 1984 aliquando
1025 1924 1084 1964 nnn
1095 1904 1206 1984 optime
1219 1904 1384 1965 describan-
1406 1918 1411 1926 ’

298 2010 355 2069 tur.
397 1998 473 2059 Nam
495 1998 636 2077 Oporino‚
658 2001 742 2077 cujus
761 1996 919 2061 domestica
942 1997 1151 2057 consuetudine
1168 2016 1284 2059 menses
1305 1997 1383 2058 com·

296 2091 394 2171 plures
414 2110 477 2151 sum
496 2110 575 2160 usus,
594 2089 677 2151 testis
696 2109 761 2149 esse
779 2108 907 2167 possum,
928 2108 987 2168 qua
1007 2089 1191 2151 solicitudine
1211 2091 1385 2170 scripta‘arb

296 2183 425 2266 cbetypa
437 2184 526 2261 legat,
541 2182 709 2261 ffisdngnat,
723 2180 854 2254 adornet,
868 2180 1005 2241 emendet
1017 2192 1173 2262 antequem
1195 2184 1385 2243 excudrmtur.

298 2276 359 2337 Eas
371 2276 459 2355 igitur
472 2276 528 2338 hac
544 2276 670 2337 editione
684 2273 806 2335 mendas
826 2286 927 2335 omnes
946 2274 1065 2333 sustuli:
1087 2292 1122 2335 ac
1135 2275 1384 2336 nmssemealant

297 2362 388 2429 tatem
401 2388 489 2439 nunc,
500 2385 566 2427 cnm
580 2367 676 2445 priore
696 2376 803 2425 conatu
813 2365 893 2443 quasi
907 2366 1017 2443 glacies
1031 2366 1125 2439 fracta
1138 2378 1171 2427 et
1181 2369 1226 2426 via
1238 2367 1385 2446 patefacta

198 2479 201 2485 ’
299 2470 354 2530 est,
368 2459 450 2519 vitari
470 2477 555 2537 posse
575 2458 703 2518 confido.
759 2458 856 2517 Prima
874 2457 964 2535 igitur
985 2446 1049 2518 brec
1071 2458 1128 2518 erit
1147 2458 1231 2534 brijus
1252 2459 1406 2518 editionis¹

299 2550 416 2622 utilitas,
432 2560 462 2610 et
474 2548 555 2628 quasi
569 2548 773 2628 praerogativa:
794 2560 987 2629 preterquam
997 2550 1077 2628 quod
1089 2550 1155 2610 brec
1168 2549 1318 2611 enchiridii
1328 2550 1386 2610 for·
1401 2560 1406 2572 ‘

299 2642 526 2706 morationibus
548 2635 753 2714 studiosorum,
778 2634 1120 2722 pauperum'in'primis,
1144 2643 1387 2704 accommodatior
1435 2639 1440 2648 ’

204 2750 210 2768 ’
299 2746 362 2802 est:
386 2747 417 2800 ct
429 2755 447 2795 a
459 2733 693 2824 locupletioribus
713 2753 819 2813 magno
839 2734 985 2805 volumini,
997 2735 1077 2813 quod
1089 2745 1119 2793 et
1133 2737 1344 2794 commentariis
1357 2746 1387 2796 et
1401 2806 1404 2812 Ι

299 2825 419 2890 aliorum
433 2827 714 2906 interpretationibus
729 2837 774 2886 est
786 2825 968 2904 locupletius,
982 2826 1070 2886 facile
1083 2826 1144 2885 sine
1157 2825 1331 2888 detrimento
1344 2827 1385 2887 rei

298 2921 445 2980 familiaris
459 2921 642 2995 adjungetur.
694 2917 812 2976 Deinde
829 2915 925 2995 siqua
943 2917 989 2976 vel
1008 2917 1157 2978 obscurius
1171 2917 1326 2997 explicata,
1339 2919 1385 2977 ve'l

299 3011 427 3088 asperius
441 3008 585 3067 collocata
593 3007 774 3080 videbantur,
783 3007 826 3080 (id
832 3007 911 3085 quod
920 3007 950 3066 in
960 3008 1119 3068 imitatione
1132 3027 1237 3086 graecae
1248 3007 1384 3068 elocutio

299 3101 344 3168 nis
358 3120 423 3159 raro
438 3098 583 3176 effugitur)
599 3117 634 3158 ea
644 3098 781 3177 planiora,
794 3109 826 3157 ut
836 3117 934 3177 spero,
943 3111 975 3158 et
983 3099 1156 3158 dilucidiora
1165 3099 1329 3178 effecimus:
1343 3111 1382 3170 un
1399 3123 1404 3132 ·

300 3203 409 3270 quanto
424 3189 510 3268 ipsius
523 3190 629 3250 autoris
643 3190 735 3248 oratio
749 3189 850 3250 melior
868 3200 899 3248 et
911 3189 1039 3249 amatim
1052 3201 1108 3262 est,
1119 3194 1313 3250 tantoim'stra
1321 3192 1383 3270 plur

301 3283 415 3344 etlucis
431 3292 460 3342 et
472 3280 616 3342 facilitatis
634 3282 742 3342 habere
764 3283 903 3344 videatur.
946 3282 1021 3343 Sunt
1040 3283 1127 3342 etiam
1152 3284 1298 3362 explicata
1318 3304 1385 3344 non·

301 3373 379 3440 nulla
394 3377 437 3452 (ut
451 3373 512 3434 dies
523 3373 599 3433 diem
614 3373 711 3450 docet)
726 3393 790 3451 quae
809 3375 891 3434 nubis
904 3386 972 3434 ante
989 3375 1174 3433 dubitationis
1193 3376 1302 3453 aliquid
1314 3388 1385 3435 attu⁴

301 3465 405 3538 lerant.
420 3476 450 3523 et
462 3465 563 3524 relicta
576 3476 674 3524 tamen
687 3469 735 3538 (ne
747 3465 817 3542 quid
829 3484 927 3523 rernm
940 3465 1130 3540 dissimulem)
1144 3466 1203 3524 siva
1218 3468 1383 3546 depravata·

301 3557 361 3630 sive
375 3557 481 3635 alioqui
494 3575 545 3636 per
566 3565 596 3615 se
615 3556 895 3629 obscura'nonnulla,
909 3577 975 3635 quae
989 3557 1069 3616 nulla
1082 3557 1308 3635 investigationis
1321 3558 1383 3616 dili-
1399 3568 1402 3574 '

302 3646 401 3724 gentis
413 3648 563 3708 restituere
577 3668 611 3706 ac
624 3649 775 3708 declarare
790 3647 878 3726 potui.
929 3648 1016 3714 Quod
1029 3660 1063 3707 ut
1076 3668 1133 3726 ego
1152 3649 1278 3727 ingenue
1296 3651 1382 3710 conli-
1396 3659 1402 3670 ’

301 3749 374 3808 teor,
389 3738 429 3798 ita
443 3739 510 3798 mihi
532 3740 655 3798 candide
675 3739 786 3817 ignosci
807 3738 909 3798 velim:
930 3741 976 3800 rel
995 3740 1053 3806 bac
1066 3739 1103 3798 de
1123 3751 1220 3812 causa
1241 3743 1320 3820 quod
1336 3754 1399 3802 eos'

301 3829 394 3914 nodos
414 3833 457 3908 (ut
471 3831 611 3890 Horatius
631 3831 724 3908 vocat)
739 3831 842 3908 dignos
860 3851 925 3891 esse
945 3832 1069 3903 vindice,
1085 3831 1178 3911 quivis
1199 3834 1278 3894 hand
1298 3835 1382 3894 dubie
1413 3851 1419 3861 ’

300 3921 410 4003 peritus
430 3922 577 4000 utriusque
595 3921 701 4000 lingum
715 3923 875 4000 intelliget:
896 3937 1084 4001 nosquetum
1098 3925 1283 3984 haesitationis
1302 3947 1382 3986 occs-

301 4013 421 4084 simrem,
436 4023 498 4078 tum
511 4013 696 4090 ignorationis
717 4014 934 4074 excusationem
950 4014 1074 4094 aliquam
1088 4017 1223 4076 habuisse
1241 4017 1385 4078 latebisne·

302 4103 552 4172 Quemadmodum
566 4114 661 4164 nutem
676 4105 856 4164 liberalitatis
871 4116 925 4176 est,
939 4127 1051 4186 eaquae
1064 4109 1184 4179 habeas,
1198 4110 1325 4188 benigne
1338 4112 1386 4168 im·

301 4199 410 4275 pertine
425 4197 466 4258 sic
479 4195 634 4256 verecundi
649 4207 679 4254 et
691 4197 841 4274 prudentis
856 4198 942 4268 animi
955 4198 1050 4270 fucrit,
1062 4221 1107 4270 ea,
1117 4212 1185 4279 qnae
1198 4221 1257 4261 non
1270 4203 1382 4272 babeas,

302 4305 320 4346 a
337 4287 573 4367 locupletioribus
597 4299 782 4366 corrogare(
802 4287 898 4364 Atque
913 4287 943 4346 id
958 4289 1023 4347 mihi
1043 4289 1131 4350 fuisse
1144 4293 1340 4370 propositum,
1354 4302 1382 4349 et

303 4375 508 4440 Thrasonicam
531 4397 631 4438 eorum
653 4376 854 4455 arrogantiam,
868 4377 917 4454 qui
937 4398 969 4438 se
990 4381 1063 4438 scire
1087 4383 1183 4440 omnia
1204 4384 1380 4462 profitentur,
1489 4377 1492 4382 ’

303 4465 493 4546 displicuisse,
507 4471 553 4536 vel
567 4490 604 4532 ex
619 4487 654 4530 eo
669 4468 774 4548 conjici
789 4479 896 4548 puteat,
911 4471 999 4549 quod,
1015 4471 1062 4532 ubi
1076 4474 1113 4532 ad
1128 4473 1293 4549 hujusmodi
1312 4477 1382 4536 sale-
