3150 5125
513 400 576 468 AD
597 404 950 474 DEMOSTHENEM.
1001 471 1006 478 ,
1088 464 1097 482 .
1206 417 1303 478 cslsii·

190 563 327 638 tempore
336 568 405 640 post
417 569 505 622 nstus
518 573 565 624 est
577 566 642 643 ejus
655 565 764 626 edendi
772 575 906 638 moeurs,
919 564 970 645 qui
985 563 1080 624 sinon
1094 565 1213 626 omnino
1223 569 1294 628 nibil

191 650 346 730 expedisse
356 651 513 726 videbitur,
521 667 557 716 nt
567 656 606 718 de
615 675 649 718 re
656 658 700 718 sle
709 659 780 719 satis
789 657 952 730 commode,
964 658 1040 718 inter
1052 665 1097 718 tot
1105 659 1293 722 incommoda

5 801 12 830 s
80 755 83 760 ·
189 741 420 816 circumstantia,
434 748 705 825 gestaloetabimur.
747 750 791 812 Ut
803 751 900 811 brevis
914 749 977 824 sim,
990 752 1164 830 agamquod
1176 763 1290 832 potero,

188 851 257 894 oum
278 855 378 917 neque
399 839 479 918 quod
497 841 586 900 selim
607 851 638 901 et
657 853 797 914 assecter,
816 859 911 921 neque
934 841 1011 922 quod
1036 841 1238 904 annotandum
1258 856 1290 906 et

188 927 386 1006 praestandum
398 931 496 1004 rideo,
511 951 684 1013 consequar.
723 933 825 994 Missis
839 933 926 1014 igitur
935 933 998 996 eliis
1011 931 1145 997 omnibus
1157 935 1189 996 id
1197 955 1289 997 unum

186 1017 245 1078 bac
262 1037 350 1098 agam
369 1021 553 1101 mistione,
571 1034 607 1084 nt
622 1024 719 1086 fontes
740 1025 917 1086 emendandi
932 1025 1151 1100 Demosthenis,
1168 1036 1199 1087 et
1217 1047 1290 1108 quo·

187 1111 278 1172 modo
297 1112 333 1172 iis
352 1112 406 1172 sim
419 1133 499 1188 usus,
519 1117 725 1178 demonstrem.
767 1117 898 1178 Primum
916 1115 1013 1197 itaque
1032 1119 1071 1178 de
1083 1117 1164 1179 libris
1178 1120 1288 1180 Demo·

186 1203 326 1266 stbenicis
338 1215 476 1286 typorum
495 1209 641 1270 beneficio
653 1209 781 1289 vulgatis
795 1209 951 1288 (editiones
961 1209 1049 1288 vulgo
1062 1213 1212 1291 usurpant)
1229 1211 1287 1272 dis·

185 1298 308 1376 putabo,
322 1307 386 1358 tum
403 1299 442 1359 de
464 1302 615 1363 codicibus
635 1302 750 1364 calaum
769 1301 905 1373 exaratis,
918 1299 1021 1382 quibus
1040 1301 1166 1364 editores
1180 1303 1287 1382 quique

186 1389 247 1448 suis
258 1389 289 1448 in
301 1386 479 1454 editionibus
492 1394 669 1455 adornandis
681 1395 727 1455 usi
739 1405 818 1472 sunt,
831 1392 958 1473 denique
971 1393 1071 1472 quida
1088 1413 1135 1456 me
1155 1395 1222 1456 novi
1236 1395 1286 1454 de·

185 1481 265 1542 coris
277 1481 317 1542 sd
329 1481 405 1543 bano
414 1493 543 1547 nostram
552 1486 711 1549 ditionem
720 1487 859 1548 collatum
870 1485 917 1560 sit,
928 1503 1085 1567 exponens.

632 1776 761 1844 SEGT.
781 1773 834 1843 Il.

479 1967 526 2026 De
536 1967 653 2026 editione
667 1965 862 2024 Demosthenis
875 1965 987 2025 Aldina.

221 2144 339 2205 Annus
354 2163 460 2225 nempe
475 2143 639 2217 Manutius,
654 2157 739 2226 pater
750 2146 834 2225 quasi
847 2140 974 2224 quidum,
992 2156 1023 2205 et
1039 2145 1165 2204 nutritor
1178 2155 1282 2224 grece

177 2232 350 2308 literaturae,
363 2235 393 2294 in
408 2237 482 2307 aliis,
491 2257 565 2315 quos
577 2239 686 2297 multos
700 2258 719 2298 e
732 2239 790 2297 situ
805 2249 835 2297 et
849 2238 978 2297 tenebris
991 2237 1231 2297 bibliothecarum
1252 2235 1283 2294 iu

178 2325 279 2385 lucem
289 2327 437 2404 publicam
448 2327 601 2408 protraxit,
613 2329 779 2388 auctoribus
793 2330 896 2409 graecis
905 2327 1159 2410 praestantissimis,
1175 2329 1284 2388 Demu-

180 2409 286 2477 stlsene
299 2435 414 2498 quoque
433 2437 488 2479 uos
504 2421 604 2479 beavit
624 2422 743 2500 primus,
765 2441 782 2483 e
804 2423 1007 2504 typographeo
1026 2434 1079 2484 suo
1092 2420 1226 2481 Venetiis
1240 2423 1280 2481 A.

124 2585 127 2593 Ι
182 2513 273 2571 1601.
287 2511 415 2590 prodito.
456 2511 605 2572 volumen
619 2514 705 2573 estin
719 2513 789 2575 folio
803 2517 916 2577 minore
929 2515 1089 2587 modicum,
1102 2514 1281 2595 bipertitum.

180 2601 254 2661 Pers
273 2605 367 2681 prima
379 2605 514 2683 procedit
532 2604 572 2663 ad
592 2623 620 2683 p.
634 2610 704 2667 820.
718 2626 786 2685 quse
799 2609 908 2688 pagine
921 2610 1041 2669 exhibet
1058 2607 1174 2667 Libanii
1195 2606 1293 2684 argu-⁶

178 2704 311 2754 mentum
324 2694 364 2755 ad
377 2696 539 2754 orationem
552 2695 677 2771 primaru
689 2693 721 2751 in
736 2695 980 2774 Aristogitonem.
989 2704 1051 2755 tum
1064 2713 1158 2755 novus
1169 2698 1281 2757 orditur
1345 2695 1349 2702 ’
1377 2752 1383 2757 .

178 2787 351 2866 pnginarum
366 2787 450 2857 ordo,
464 2802 563 2844 rursus
576 2802 595 2843 a
606 2804 638 2863 p.
652 2788 680 2843 l.
694 2784 777 2864 adp.
791 2786 863 2846 286.
875 2804 1011 2865 pergens.
1031 2786 1069 2845 In
1082 2805 1112 2865 p.
1123 2789 1193 2851 270.
1206 2788 1281 2847 desi·
1313 2836 1322 2847 .

177 2889 253 2937 nunt
265 2878 338 2958 ipsse
348 2876 557 2937 Demosthenis
569 2875 711 2955 reliquie.
733 2877 763 2935 A
780 2896 811 2956 p.
823 2880 894 2939 274.
905 2878 1004 2938 autem
1018 2896 1112 2958 usque
1122 2879 1161 2938 ad
1170 2898 1201 2958 p.
1209 2880 1279 2941 286.

177 2972 316 3032 continua
328 2971 404 3031 serie
415 2968 556 3048 leguntur
567 2968 732 3029 Libaninna
751 2981 925 3048 argumenta
941 2971 971 3029 in
991 2971 1139 3032 orationes
1159 2988 1209 3031 eas
1222 2966 1282 3031 D'e·

177 3062 384 3134 mosthenicns,
399 3082 466 3142 quas
478 3061 558 3122 illam
571 3061 661 3141 paulo
672 3061 863 3122 antedictam
876 3062 998 3141 primam
1008 3062 1039 3121 in
1048 3061 1279 3141 Aristogitonem

178 3156 337 3235 excipiunt,
352 3171 417 3214 cum
432 3156 490 3215 hoe
503 3154 588 3214 iitssso
602 3152 737 3228 λιβανίου
749 3152 900 3222 isoSiuesc
914 3158 955 3222 eie
968 3153 1033 3222 roric
1053 3158 1125 3235 μετὰ
1144 3156 1193 3216 τὸν
1206 3160 1278 3216 rard

179 3252 414 3329 dpscio‘yelrcroc,
437 3245 631 3327 δημοσθένους
650 3249 766 3323 λόγους.
805 3244 884 3307 Nalm
903 3247 934 3305 in
954 3246 1047 3327 primo
1069 3259 1150 3307 tomo
1163 3246 1278 3307 Aldine

178 3340 299 3418 singolis
309 3340 470 3419 qusbusque
483 3339 664 3399 orationibus
676 3337 827 3418 praemissa
840 3350 908 3399 sunt
922 3344 1103 3419 arguments,
1118 3346 1177 3399 ndu
1188 3338 1277 3400 Libe-

178 3432 267 3491 niano
280 3432 471 3503 solummodo,
492 3422 547 3491 fied
560 3432 649 3492 etiam
666 3433 704 3491 ab
718 3432 775 3492 alio
796 3432 932 3512 quopiam
945 3432 1046 3510 ignoto
1065 3432 1193 3511 graeoulo
1208 3452 1277 3512 prc-

177 3523 268 3584 fecta.
310 3522 415 3585 Finem
432 3522 530 3602 operis
540 3524 653 3583 iaciunt
666 3525 754 3584 variae
771 3524 915 3584 lectiones
929 3525 967 3583 ab
982 3524 1072 3596 Aldo,
1085 3544 1137 3585 seu
1151 3524 1276 3585 Musuro

176 3615 308 3686 forsitan,
321 3624 374 3675 aut
388 3614 625 3686 Carteromacbo,
638 3636 656 3675 e
673 3616 776 3692 tribus,
791 3636 859 3696 quoe
879 3634 971 3697 penes
987 3636 1038 3676 eos
1052 3624 1143 3687 erant,
1165 3616 1276 3678 codici·

139 3712 148 3722 “
176 3710 231 3768 bus
250 3707 370 3768 vetustis
391 3708 609 3793 collectesssed
624 3704 789 3768 incredibili
811 3726 876 3768 cum
897 3708 1062 3789 supinitate.
1102 3708 1199 3769 Aldus
1213 3710 1275 3790 ipse

130 3846 135 3851 .
176 3811 300 3861 testatur
312 3800 341 3858 in
351 3800 409 3860 hac
420 3800 503 3881 sylva
514 3799 697 3871 variantium,
709 3818 774 3859 eam
788 3820 806 3860 e
818 3800 912 3861 tribus
924 3801 1005 3861 mstis
1016 3816 1080 3862 esse
1095 3812 1273 3881 congestans.

176 3892 255 3952 Nam
263 3892 405 3952 adlocum
416 3892 465 3971 qui
477 3892 506 3951 in
515 3891 645 3952 editione
653 3903 791 3972 nostrap.
803 3896 873 3957 871.
882 3912 910 3954 v.
919 3896 969 3954 21.
978 3893 1083 3974 legitur
1093 3892 1134 3974 (in
1143 3894 1276 3955 Parisino

175 3990 285 4067 pito.
297 3988 345 4046 12.
356 3986 388 4044 in
400 3985 509 4045 Aldina
517 4004 549 4065 p.
561 3989 629 4046 155.
645 3984 683 4043 T.
697 3984 721 4045 l.
734 4004 819 4045 versu
832 3988 893 4063 10.)
906 3986 971 4046 hoec
985 3996 1123 4046 annotata
1134 3985 1274 4064 leguntur

175 4082 205 4139 iu
218 4078 268 4138 illo
287 4078 384 4137 indice
402 4078 510 4137 Aldino
531 4079 610 4157 (num
630 4078 675 4137 sic'
686 4078 825 4158 appellite
838 4078 868 4137 in
887 4070 1103 4139 commentariis
1123 4078 1196 4137 meis
1217 4096 1273 4137 suo

174 4182 304 4250 tempore
317 4168 509 4250 publicandis,
518 4170 665 4251 Taylorus
677 4170 795 4251 Msptos
806 4170 877 4231 Aldi
890 4172 1038 4252 appellare
1051 4169 1138 4247 solet)
1150 4172 1183 4229 ἐν
1192 4172 1273 4251 ἄλλῳ

176 4265 208 4324 δὲ
220 4263 391 4344 ἂντιγρᾶφφ,
410 4268 473 4342 cpio
488 4270 546 4341 γάρ
560 4264 686 4346 εἴχομεν.
697 4266 904 4333 visun-Qua
919 4262 1054 4325 socordia
1073 4261 1223 4321 consectus
1235 4263 1273 4322 sit

175 4356 224 4414 bic
236 4356 336 4428 index,
356 4374 393 4414 en
414 4354 653 4433 cointelligatur,
675 4356 809 4437 primum,
830 4355 909 4436 quod
925 4356 957 4414 in
976 4356 1039 4435 ipso
1059 4372 1147 4432 opero
1161 4352 1274 4416 Demo-

176 4446 309 4507 stbenico
320 4465 399 4525 saepe
410 4443 498 4526 positi
512 4446 570 4506 sint
579 4448 721 4519 asterisci,
733 4446 773 4507 ad
784 4448 868 4509 illum
878 4446 1004 4507 iudicem
1018 4438 1198 4523 ablegantes,
1208 4449 1271 4529 qui·

169 4534 231 4600 bus
241 4548 338 4599 temen
346 4538 388 4598 nil
398 4538 489 4619 ipsius
498 4528 602 4599 indicis
611 4540 768 4620 respondet
778 4560 788 4611 ι
809 4551 883 4617 tum,
898 4538 978 4618 quod
989 4538 1018 4597 in
1031 4536 1127 4599 indice
1136 4540 1270 4622 sepositos
