3150 5125
303 397 352 456 clii
655 391 816 452 RElSKll
834 389 1073 478 Polemio

306 599 312 608 .
338 551 455 632 Desunt
473 548 601 619 Aldinae,
622 559 654 608 et
674 548 930 627 proinde,quoque
946 545 1169 624 'Hersagiaum
1192 545 1409 610 Demostheni»

299 645 441 725 epistolae,
456 663 529 722 quas
542 643 649 722 primus
664 642 788 702 Wolfius
802 641 1003 720 adjungendos
1017 641 1130 718 reliquo
1149 642 1266 719 corpori
1285 643 1406 719 judice·

298 738 352 796 sit.
378 736 585 798 Aldnsautem
597 734 686 798 satim
695 734 847 809 judicabat
861 753 911 792 sss
924 733 1046 803 secerni,
1055 733 1106 811 qui
1118 732 1219 810 paucis
1233 745 1304 792 ante
1316 733 1401 792 annis

301 827 421 890 easdem
434 827 572 907 epistolas
586 825 618 884 in
630 835 813 906 syntagmate
832 844 886 884 suo
905 843 1066 903 menarum
1089 823 1275 902 epistolarum
1295 824 1401 886 edidis·

301 932 367 989 set3
385 924 468 994 cujus
481 919 674 999 syntagmatis
688 917 868 995 exemplaris
881 928 948 978 tum
957 917 1097 996 temporis
1110 915 1209 976 adhuc
1223 928 1270 978 sat
1282 916 1401 996 copiosa

303 1012 509 1091 suppetebant.
550 1011 628 1070 Hoec
642 1009 680 1070 ‹le
694 1009 812 1070 hidiae.

743 1262 870 1336 secr.
891 1265 961 1334 111.
1081 1237 1084 1244 ’

597 1425 645 1485 De
666 1427 782 1487 editione
795 1429 981 1508 Hermogiona
998 1419 1096 1504 primo.

307 1605 313 1612 ·
343 1579 490 1640 Excnrrr
510 1597 575 1640 eam
590 1581 797 1660 Hernagiana,
812 1581 905 1661 prims
918 1601 935 1640 e
949 1601 997 1640 me
1011 1581 1147 1641 dicenda.
1188 1582 1324 1646 Quatuor
1336 1593 1395 1638 oro·

302 1670 373 1728 nino
387 1671 583 1748 Hersagisna
602 1671 726 1743 officina,
740 1693 807 1752 quae
830 1673 953 1732 Besileae
971 1672 1037 1742 fuit,
1058 1671 1158 1740 edidit,
1179 1670 1251 1730 duas
1275 1688 1396 1748 grecas,

303 1761 376 1820 duas
396 1763 623 1850 gnecolotinus.x
647 1763 746 1824 Prima
764 1765 864 1843 itaque
885 1783 982 1824 earum
1005 1763 1110 1842 prodiit
1133 1761 1257 1822 Basilese
1277 1781 1330 1840 per
1351 1761 1396 1820 lo·

301 1851 429 1912 hannem
444 1854 626 1932 Herssginm
638 1873 740 1915 mense
755 1856 919 1936 Septembri
933 1854 1132 1914 MDXXXII·
1152 1854 1210 1912 hoc
1224 1853 1328 1912 titulo:
1342 1854 1396 1925 Δη-

301 1945 460 2024 μοσθένους
473 1949 557 2022 λόγοι
575 1947 623 2006 δύο
636 1951 681 2006 sul
693 1948 833 2020 ἑξήκοντα.
864 1949 967 2009 Habes
980 1947 1090 2007 Lector
1102 1945 1309 2005 Demosthenis
1322 1963 1395 2023 grue·

301 2057 403 2096 corum
423 2048 570 2098 oratorum
590 2039 715 2098 omnium
736 2039 824 2099 facile
846 2039 983 2118 principis
1002 2037 1146 2098 orationes
1166 2037 1236 2096 dues
1259 2047 1289 2094 et
1310 2055 1396 2096 sexn-

300 2130 391 2208 ginta,
405 2141 437 2190 et
450 2131 480 2190 in
493 2131 612 2192 eosdem
627 2131 744 2211 Ulpiani
758 2131 981 2192 commentarios
991 2140 1132 2209 quantum
1145 2139 1246 2189 extat:
1280 2127 1395 2188 Libauii

299 2235 488 2302 argumente:
512 2225 590 2284 Tum
602 2225 743 2286 collectas
753 2244 771 2284 a
782 2223 1048 2302 studiosoquodam
1057 2241 1094 2282 ex
1109 2221 1179 2282 Des.
1195 2221 1308 2280 Erasmi
1323 2221 1394 2282 Rot.

300 2315 459 2376 Guiihelmi
474 2316 576 2375 Budei
589 2327 676 2394 atque
696 2317 819 2376 aliorum
839 2314 1088 2376 lucubrationibus
1107 2311 1327 2374 annotationess
1347 2310 1395 2371 Ad

299 2407 367 2466 hec
385 2408 485 2486 ipsim,
510 2407 668 2466 Plutarcho
688 2407 870 2486 Libanioque
891 2407 1068 2477 auctoribus,
1082 2405 1180 2475 vitam,
1195 2415 1226 2464 et
1239 2403 1394 2463 lectionem

300 2497 428 2577 denique
439 2497 550 2558 sariam
569 2498 885 2579 adjectam-Excipit
904 2499 983 2558 hunc
1003 2496 1117 2557 titulum
1139 2494 1252 2556 Erssmi
1270 2495 1395 2554 Rotero-

299 2588 376 2647 dami
390 2588 429 2648 ad
450 2590 494 2648 lo.
508 2590 670 2669 Georgium
694 2590 966 2669 Paumgartnerum,
987 2589 1118 2671 epistole,
1139 2607 1198 2669 que
1218 2588 1394 2648 Demosthe-

298 2700 367 2741 nem
380 2700 447 2743 cum
460 2683 713 2743 commendatione
724 2702 779 2744 sua
792 2684 830 2744 ed
843 2684 924 2743 illum
944 2693 1005 2743 tum
1025 2681 1121 2743 adhuc
1137 2686 1275 2756 juvenem
1296 2679 1393 2742 mittit.

299 2773 351 2833 Nil
361 2785 458 2835 umen
473 2775 541 2835 ideo
553 2794 681 2848 moveor,
695 2786 729 2835 ut
740 2776 859 2835 credam
872 2776 909 2835 ab
921 2775 1044 2834 Erasmo
1058 2784 1190 2834 navatam
1205 2792 1270 2833 esse
1284 2774 1393 2833 Demo·

297 2867 393 2928 stheni
407 2868 589 2931 emendando
602 2886 730 2947 operam.
772 2867 927 2945 Leguntur
937 2867 1054 2946 quidem
1064 2867 1094 2925 in
1105 2866 1162 2925 hac
1176 2860 1313 2935 editione,
1324 2884 1392 2944 qum

298 2959 337 3019 ad
347 2959 484 3019 Aldinam
500 2978 638 3037 expressa
651 2971 707 3032 est,
726 2978 786 3018 non
799 2959 881 3019 nulle
894 2959 1006 3031 melius,
1020 2978 1106 3038 quam
1127 2959 1157 3019 in
1171 2958 1290 3019 Aldina.
1330 2958 1392 3018 Sed

298 3060 420 3129 possunt
431 3048 482 3107 illa
494 3068 513 3107 a
524 3048 594 3109 Sim.
607 3048 747 3128 Grynoeo,
762 3059 815 3108 aut
825 3049 849 3108 si
863 3068 922 3129 quo
932 3050 990 3109 alio
1001 3048 1175 3129 Herwsgius
1189 3060 1252 3109 tum
1264 3060 1394 3111 uteretur

298 3138 468 3199 mendarum
485 3140 759 3219 typographicarum
778 3154 955 3221 correctore,
977 3143 1112 3221 profecta
1132 3162 1205 3203 esse.
1248 3144 1298 3202 Ab
1321 3142 1394 3201 Era·

297 3251 361 3289 smo
375 3230 575 3290 tantummodo
589 3232 721 3311 proefatio
739 3234 949 3313 postulabatur,
966 3233 1223 3303 commendationis
1237 3252 1319 3313 ergo,
1333 3254 1393 3311 quo

297 3324 372 3383 liber
385 3333 462 3383 esset
475 3324 656 3384 vendibilius.
697 3326 823 3386 Proestat
843 3325 908 3387 heec
930 3326 1019 3387 editio
1039 3326 1137 3385 multis
1157 3322 1243 3385 rebus
1257 3326 1394 3409 Aldiues

299 3415 464 3478 chartarum
483 3416 694 3495 magnitudine,
713 3430 927 3498 typorumque;
948 3429 1008 3477 tum
1028 3419 1106 3496 quod
1126 3418 1272 3497 appositos
1294 3418 1394 3477 statim

299 3506 338 3566 ad
355 3508 431 3569 texti
453 3528 532 3568 oram
548 3509 666 3589 Ulpiani
689 3511 914 3572 commentarios
936 3509 1036 3584 hebet,
1051 3510 1100 3589 qui
1122 3512 1160 3570 ab
1176 3510 1251 3569 Aldo
1271 3507 1392 3569 seorsim

217 3679 223 3687 ·
297 3599 370 3658 editi
388 3600 664 3675 fuerantsaccessit
687 3603 813 3683 denique
832 3603 902 3663 huic
924 3602 1043 3661 editioni
1066 3603 1167 3681 primm
1187 3601 1393 3680 Hersragianoe

296 3691 419 3772 primum
438 3694 522 3771 qussi
542 3692 762 3755 fundamentum
781 3694 1055 3756 commentariorum
1075 3696 1105 3753 in
1126 3695 1354 3778 Barnosthenem
1373 3714 1393 3753 e

220 3802 223 3809 ·
296 3783 413 3861 scriptis
427 3783 540 3843 Erasmi
561 3797 595 3852 ‚et
617 3786 721 3847 Budaei
744 3787 926 3867 aliorumque
947 3806 965 3846 a
989 3787 1100 3848 Iacobo
1124 3788 1245 3847 Rubero
1268 3788 1394 3847 collecta

256 3926 261 3935 ,
295 3879 424 3957 farrago,
435 3877 466 3936 in
476 3878 622 3952 Wolfiana
635 3900 751 3959 quoque
765 3880 893 3941 editione
907 3892 1032 3942 serrata.
1075 3880 1134 3941 Sed
1149 3881 1264 3960 singule
1276 3882 1339 3939 hnc
1351 3880 1394 3939 di·

295 3969 434 4049 ligentius
453 3969 611 4033 videamus.
652 3972 789 4034 Erasmus
807 3974 836 4033 in
857 3974 907 4034 ille
927 3972 1052 4053 epistola
1065 3973 1136 4031 nihil
1150 3992 1168 4033 a
1180 3992 1213 4037 se
1227 3973 1265 4033 ad
1285 3990 1393 4033 ornan-

297 4064 368 4123 dum
388 4062 621 4127 Demosthenem
639 4066 780 4126 collatum
805 4076 1023 4127 commemoret.
1064 4066 1164 4125 Verba
1177 4070 1239 4140 ejus
1252 4062 1311 4123 huc
1325 4082 1392 4142 per-

295 4156 449 4217 tinentiae
462 4155 646 4235 longiuscula
658 4158 778 4234 quidem
797 4158 928 4236 epistola,
943 4176 962 4217 a
975 4176 1035 4236 qua
1046 4157 1135 4216 homo
1156 4155 1273 4215 criticus
1292 4166 1392 4213 tamen

295 4268 398 4327 parum
411 4250 498 4308 abeat
512 4247 635 4319 doctior,
650 4248 715 4322 (sed
735 4260 798 4307 tum
812 4250 947 4327 temporis
961 4251 1028 4311 loco
1042 4248 1247 4328 preefationum
1261 4245 1394 4305 homilias

295 4339 506 4417 scriptitabant)
530 4340 597 4401 hec
620 4350 705 4399 sunt:
741 4338 857 4416 Accipe
879 4340 965 4419 igitur
986 4340 1218 4427 Demosthenem
1239 4338 1289 4417 qni
1312 4356 1394 4397 nnnc

279 4483 283 4495 ,
294 4430 402 4507 prodit,
416 4435 474 4489 teu
487 4432 588 4509 positis
601 4450 694 4491 novus
714 4430 823 4503 exuviis
843 4430 1008 4515 nitidiusque
1017 4437 1140 4513 jurenta
1150 4464 1190 4475 -
1203 4430 1325 4489 multum
1340 4430 1395 4489 de-

293 4523 398 4587 hemus
413 4522 503 4594 Aldu,
517 4525 566 4603 qui
578 4524 663 4583 uobis
675 4523 785 4603 primus
800 4534 943 4585 oratorum
957 4525 1118 4607 principem
1132 4523 1232 4593 dedit3
1256 4522 1323 4605 plns
1338 4518 1395 4615 de·
