3150 5125
278 411 340 473 xxii
513 409 539 470 l.
561 409 687 473 BERN.
709 408 929 471 ssimum
946 406 1132 471 PBAEPd'l'.

277 564 532 645 ricumprtt'ectus
549 564 586 625 sd
605 564 744 627 undam
760 562 1178 644 augmentabuntur
1195 562 1368 627 oremrn

276 658 467 739 pronunciare
481 658 628 719 orationes
641 660 823 729 senescebat,
834 678 895 736 qoo
907 669 1012 737 postea
1024 668 1056 716 et
1069 656 1178 717 elarius
1187 658 1279 717 rerba
1296 676 1369 736 pro·

276 750 374 821 ferret,
395 761 426 810 et
439 751 608 811 tumultibus
628 751 727 830 populi
745 770 805 811 non
825 748 1051 813 emmeranni
1070 748 1161 819 Quid,
1175 768 1242 809 nrm
1260 748 1368 827 glmliis

277 844 317 903 de
328 852 409 903 teoto
418 843 573 922 suspeuds
586 844 628 903 ite
639 862 726 922 pene,
739 854 773 903 ut
784 843 922 903 bumems
934 842 1121 920 attingerent,
1135 842 1214 901 dorni
1222 861 1262 903 se
1271 842 1312 901 nd
1324 842 1367 901 di·

277 935 404 995 seudum
416 936 582 1006 exercebat,
596 954 632 995 ne
651 946 734 1014 gestu
753 935 865 995 humeri
877 935 1067 1013 incomposito
1078 933 1223 996 actionem
1236 952 1367 995 comum·

275 1023 370 1109 peret,
384 1044 481 1087 nonne
494 1028 604 1087 animos
617 1028 762 1087 homiuum
772 1027 872 1106 capit?
893 1027 982 1087 Hanc
990 1026 1079 1104 igitur
1085 1026 1365 1105 pronunciationem,

277 1120 325 1180 coi
338 1117 485 1198 praecipue
498 1119 552 1179 sibi
566 1119 793 1179 incumbendum
811 1120 926 1179 canuit
943 1119 993 1178 hic
1008 1130 1119 1196 auctor,
1133 1121 1366 1198 cujusqueprre·

278 1212 364 1289 cipue
383 1212 503 1291 gloriam
515 1210 633 1271 ridetur
645 1211 829 1289 appetivisse,
847 1211 1028 1290 praecipuum
1041 1228 1158 1289 quoque
1170 1210 1201 1269 in
1218 1216 1283 1286 ejus
1299 1229 1367 1270 orae

277 1304 403 1364 tionibus
416 1304 513 1363 locum
525 1303 657 1363 obtinere
670 1303 896 1363 existimandum
908 1314 963 1373 est,
977 1314 1011 1361 ut
1019 1322 1086 1361 cum
1098 1322 1150 1363 ess
1161 1303 1295 1382 legimns,
1304 1322 1366 1363 non

277 1396 367 1455 modo
380 1394 495 1455 caeteris
509 1394 630 1454 aliorum
651 1394 776 1453 omnium
796 1404 1016 1473 anteponamus,
1035 1396 1089 1455 sed
1102 1394 1171 1473 quia
1189 1395 1366 1474 pronmieis·

277 1486 389 1546 donem
400 1485 527 1545 auctoris
539 1486 634 1545 auimo
648 1486 838 1565 concipimus,
849 1486 925 1564 ipsas
936 1505 970 1545 se
982 1485 1052 1565 ipsis
1064 1505 1185 1566 qnoque
1195 1506 1258 1547 esse
1276 1488 1367 1547 sums

277 1578 426 1639 nobiliores
440 1576 613 1653 judicemus,
631 1588 662 1636 et
679 1576 756 1655 plus,
768 1596 855 1656 quam
875 1577 1014 1655 legamus,
1031 1578 1235 1659 intelligamus,
1251 1589 1283 1637 et
1295 1579 1369 1639 lieet

278 1688 337 1730 rox
348 1676 408 1745 ejus
422 1689 481 1728 uon
495 1668 635 1739 audiatur,
649 1688 765 1747 semper
773 1680 874 1728 tamen
884 1669 1041 1729 autenm
1053 1675 1115 1746 ejus
1123 1688 1201 1731 ,voce
1217 1670 1269 1730 ille
1280 1688 1368 1731 aures
1437 1670 1442 1683 ‘

167 1844 168 1847 Ἴ
277 1772 386 1821 nostra
398 1771 565 1840 personent,
579 1760 649 1840 quid
664 1761 689 1821 si
702 1760 798 1840 ipsum
811 1760 1000 1821 audiremus?
1019 1772 1124 1821 utnon
1141 1763 1285 1823 immerito
1298 1762 1368 1825 Μιι-

279 1852 424 1913 cedonum
441 1868 493 1911 rex
509 1851 670 1931 Philippus,
685 1864 887 1931 contraquam
908 1852 1014 1912 acriter
1031 1871 1147 1932 semper
1165 1854 1368 1926 iurebebstar,

278 1962 345 2005 cum
358 1942 385 2002 ei
396 1941 528 2003 recitata
542 1945 687 2004 motiones
699 1944 803 2023 aliqua
814 1946 878 2021 ejus
887 1954 997 2016 essent,
1011 1962 1108 2023 neque
1120 1964 1154 2006 se
1165 1947 1253 2007 slium
1263 1966 1367 2026 quun·

278 2036 365 2115 piam
379 2055 466 2114 quam
478 2035 625 2115 ipsum,in
638 2037 716 2097 bello
730 2035 882 2096 adversum
895 2055 929 2095 se
942 2038 1239 2097 commeminisse
1254 2040 1367 2099 um

278 2128 474 2188 rum-dixerit.
489 2126 692 2207 oradonesque
705 2128 784 2207 ipsas
798 2128 837 2187 ob
849 2127 909 2187 rim
920 2128 1053 2201 actiomt,
1067 2148 1154 2209 quem
1173 2150 1233 2208 proe
1246 2150 1279 2190 sa
1290 2119 1369 2189 iere

278 2221 359 2292 bunt,
373 2240 439 2279 cum
453 2219 589 2281 Isocratis
601 2220 741 2299 quasdam
759 2219 875 2280 athletis
895 2240 915 2280 e
934 2221 1069 2300 pdoesma
1087 2220 1194 2281 amssa
1208 2221 1262 2281 sibi
1275 2218 1367 2280 uideri

278 2312 458 2381 asseruisset,
473 2311 608 2370 militibus
622 2312 808 2391 compararit,
822 2313 933 2392 qnippe
943 2331 1011 2373 cum
1022 2312 1066 2373 itu
1078 2324 1201 2391 urgeam
1213 2332 1276 2372 rem
1289 2330 1367 2372 sem·

279 2422 341 2483 psr,
356 2402 398 2460 ita
417 2402 535 2472 instent,
549 2402 589 2461 its
602 2420 671 2461 vero
691 2404 859 2475 certamine,
874 2414 906 2464 et
918 2424 978 2465 nou
990 2404 1135 2471 umbratili
1152 2423 1268 2483 seruper
1280 2414 1366 2463 toan·

279 2507 336 2566 tur,
362 2504 394 2553 ut
411 2504 522 2553 terrere
540 2494 662 2553 veritate
682 2494 746 2574 ipsa
767 2506 799 2553 et
817 2515 925 2574 cogere
946 2497 1110 2557 rideantur.
1150 2496 1280 2556 Tametsi
1297 2493 1370 2555 mibi

280 2587 396 2666 quidem
417 2587 512 2658 etiam,
535 2587 604 2648 dum
623 2587 691 2666 lego
705 2589 946 2661 Demosthenem,
966 2609 1105 2666 arrogans
1125 2591 1175 2650 illa
1188 2590 1319 2669 Gorgia,
1336 2599 1371 2648 et

280 2681 461 2760 Protagorae,
482 2681 660 2760 aliorumque
673 2693 805 2742 veterum
824 2682 1017 2760 sophistarum
1037 2680 1176 2756 professio
1192 2681 1369 2740 nouadmo·

279 2773 347 2834 dum
361 2774 486 2835 absurda
504 2786 636 2853 apparet,
655 2775 704 2851 qui
725 2773 871 2850 discipulis
890 2771 949 2828 suis
967 2769 1182 2846 pollicebantur
1194 2789 1227 2828 se
1239 2789 1292 2829 eos
1304 2790 1372 2831 esse

278 2877 341 2926 arte
355 2887 408 2926 sua
420 2867 545 2926 civilium
562 2865 800 2940 agendarumque
809 2879 909 2918 rerum
921 2859 1033 2937 peritos
1047 2879 1113 2919 esse
1126 2859 1287 2921 summme
1301 2881 1369 2922 nm

278 2958 303 3017 ai
321 2957 352 3016 id
365 2953 694 3032 intelligererolebent,
713 2949 738 3007 si
758 2949 821 3026 quis
837 2959 919 3009 recte
938 2962 1088 3029 praecepta
1106 2951 1176 3011 artis
1196 2951 1300 3012 fuisset
1321 2973 1370 3014 se·
1390 3008 1392 3012 .

198 3086 203 3098 ι
280 3056 479 3124 autumatque
499 3063 538 3103 ea
559 3061 660 3102 eorum
673 3039 865 3121 praefinitione
887 3042 918 3100 in
930 3042 1100 3104 ciuitatibus
1119 3055 1282 3124 opportune
1296 3046 1371 3106 deli·

279 3138 452 3209 bardones,
468 3147 499 3196 et
509 3135 632 3214 judicia,
647 3133 693 3194 vel
708 3131 795 3194 etism
804 3134 1064 3196 demonstrationes
1077 3149 1291 3217 pertractasset,
1300 3159 1370 3199 eum

277 3253 338 3293 non
352 3233 527 3292 mediocrem
542 3229 655 3290 civilem
668 3228 800 3309 peritiam
813 3229 844 3288 iu
857 3229 1034 3291 orationibus
1047 3231 1106 3291 suia
1116 3251 1177 3312 pree
1190 3251 1224 3292 se
1233 3233 1369 3304 latorum,

278 3325 414 3405 quianon
427 3324 515 3396 uidet,
529 3334 564 3382 ut
576 3322 703 3382 omitum
717 3321 832 3382 interim
846 3321 1019 3384 inuentionis
1032 3343 1164 3395 acumen,
1177 3323 1370 3403 dispositionis

279 3429 348 3496 apta
366 3427 525 3494 momenta,
538 3414 707 3475 elocutionis
722 3413 986 3487 ιίὶῙιιοίᾱὶιαιειιι,-ει
999 3416 1181 3494 gravitatem,
1195 3412 1231 3476 sc
1253 3417 1369 3476 demum

280 3510 401 3571 actionis
414 3527 554 3570 summata
567 3509 635 3580 vim,
647 3527 705 3588 qua
719 3518 857 3586 tanquam
875 3508 977 3587 spiritu
992 3509 1121 3588 quodam
1141 3508 1253 3587 reliqua
1271 3509 1370 3568 omnia

280 3615 378 3662 nomer
390 3603 437 3662 bic
453 3613 550 3662 orator
563 3601 710 3672 animavit,
724 3611 836 3660 tantam
848 3599 879 3658 in
890 3600 1004 3679 scriptis
1023 3606 1087 3676 ejus
1104 3601 1143 3660 ad
1155 3599 1222 3659 vitae
1234 3601 1370 3660 humanae

280 3695 424 3756 sotionem
439 3694 642 3774 pertinentium
654 3692 862 3754 sententiarum
876 3691 991 3772 copiam
1004 3693 1111 3763 inesse,
1121 3703 1154 3752 ut
1167 3693 1371 3771 sapientissimi

280 3787 443 3870 philosophi
454 3807 576 3847 munere
590 3786 672 3864 fungi
684 3784 839 3845 videaturi
856 3795 966 3846 tantm
983 3803 1095 3844 morum
1108 3783 1266 3855 civitatum,
1281 3795 1312 3844 et
1325 3804 1371 3843 re·

281 3895 346 3940 turn
359 3880 537 3962 publicarum
550 3879 804 3940 administrationis
816 3876 1054 3956 peddm,-unde
1071 3875 1150 3936 salus
1167 3876 1236 3955 ipsis
1254 3894 1371 3956 compa·

282 3985 373 4044 retur,
388 3971 635 4051 unde‘periculum
650 3982 680 4030 et
698 3970 841 4050 pernicies
852 3968 1030 4048 impendent,
1043 3979 1078 4027 ut
1094 3987 1133 4028 ex
1153 3973 1215 4045 ejus
1235 3969 1372 4042 lectione,

280 4067 306 4125 si
326 4065 390 4148 quis
403 4064 557 4141 diligenter
575 4062 804 4133 advertat-tam,
825 4079 901 4139 pene
914 4059 1048 4132 dixerim,
1062 4061 1102 4119 sd
1120 4079 1169 4120 res
1185 4062 1373 4139 agendas-in·
1442 4096 1444 4103 ι

282 4171 412 4220 structus
424 4156 618 4234 unusquisque
631 4156 722 4234 possit
734 4154 897 4225 discedere,
909 4171 995 4233 quam
1003 4153 1150 4230 esquovis
1158 4153 1374 4214 accuratissimo

285 4250 442 4311 historico?
464 4248 525 4308 Sed
537 4248 600 4307 haec
613 4249 766 4318 hactenus,
783 4265 821 4304 ne
840 4245 957 4323 ineptus
976 4245 1171 4315 existimem-ai
1190 4245 1291 4305 laudes
1308 4248 1375 4322 ejus

286 4342 410 4400 diceudo
430 4341 572 4401 illustrare
591 4339 691 4398 videar
704 4337 788 4408 velle,
810 4338 859 4417 qui
878 4338 1004 4397 dicendo
1026 4339 1152 4398 omnium
1174 4357 1250 4416 pene
1273 4337 1374 4396 laudes

286 4434 460 4492 obscurarit
488 4435 564 4494 Hac
577 4432 653 4493 enim
667 4450 704 4491 ea
716 4429 854 4490 decanea
866 4430 945 4489 dicta
954 4448 972 4490 a
982 4449 1029 4488 me
1041 4440 1117 4500 sunt,
1132 4441 1165 4488 ut
1177 4429 1373 4508 eloquentiam

286 4525 364 4586 siam
377 4527 492 4606 propria
503 4527 590 4596 laude
602 4523 795 4588 fraudandam
809 4542 868 4585 uon
881 4542 956 4598 esse,
969 4523 1013 4583 ita
1027 4541 1080 4583 sua
1092 4531 1203 4582 tantum
1212 4538 1298 4602 poste
1309 4539 1377 4583 esse
