3150 5125
448 367 451 372 ·
529 335 588 396 AD
608 326 962 397 DEMOSTHENEM.
1191 333 1306 396 cxxiiii

198 501 259 561 tos,
278 476 431 566 inscripsit.
446 488 525 548 Plut.
559 489 634 550 Post
645 507 773 569 pugnam
792 490 831 550 ed
853 489 1045 550 cheroneam
1065 491 1145 563 (ente
1158 487 1304 568 pugnam,

200 579 293 656 Plut.)
307 599 406 640 muros
416 579 540 641 civitatis
552 593 672 642 centnm
681 583 777 655 minis,
785 581 911 662 pecunia
920 601 973 641 sua
986 581 1111 642 refecit.-
1122 581 1208 641 Phot.
1224 582 1296 641 Cte-

201 672 345 752 siphontis
358 672 509 733 decretum
522 673 560 732 de
570 673 688 734 homine
698 675 874 735 coronando.
896 674 976 732 Olim
988 693 1007 734 a
1018 673 1115 733 multis
1128 672 1295 733 coronatur.

202 765 292 826 Dem.
307 785 360 843 pro
381 784 500 826 corona.
514 765 651 826 Diondes
671 766 846 828 intercessit.
868 765 1019 824 AEschines
1031 765 1254 844 Ctesiphontem
1267 766 1298 823 in

197 856 342 932 judicium
355 857 490 916 adduxit.
530 858 679 918 Judicium
691 877 763 918 vere
776 857 961 917 commissum
971 868 1016 916 est
1026 855 1146 940 Olymp.
1158 858 1296 919 extis.

200 950 328 1021 Σιτύνης
341 950 457 1028 eigitur
471 951 560 1012 Dem.
575 970 630 1030 pro
645 953 772 1012 Corone.
787 950 927 1010 Laudatis
936 948 1078 1028 fenebris.
1093 949 1131 1010 ad
1144 951 1297 1034 Thucydi·

203 1043 291 1102 deam
312 1053 344 1102 et
363 1043 542 1103 Platonicam
562 1043 756 1122 conformata,
768 1053 800 1104 et
819 1043 906 1124 hujus
925 1042 1063 1122 exemplo
1077 1043 1191 1104 Tullius
1206 1043 1300 1126 Sulpi·

204 1135 283 1195 cium
297 1133 461 1214 Philippica
470 1155 548 1196 none
560 1135 696 1220 laudavit

212 1242 217 1250 ·
243 1229 364 1308 Olymp.
385 1228 466 1288 cxl.
483 1233 511 1289 l.
533 1230 721 1289 obtruncatur
732 1227 895 1308 Philippus.
916 1225 1123 1289 Demosthenis
1132 1227 1239 1301 letitia,
1249 1246 1297 1289 sc·

203 1320 325 1392 mnium,
339 1331 397 1381 etc.
412 1321 513 1380 AEsch.
526 1339 555 1381 c.
569 1321 700 1401 ctesiph.

246 1412 331 1500 CXI.
344 1416 377 1472 2.
400 1411 555 1474 Demosth
575 1424 673 1474 movet
694 1413 732 1473 ad
752 1414 959 1475 deiectionem.
973 1414 1012 1475 ad
1027 1414 1161 1476 Attalum
1176 1414 1207 1473 in
1226 1411 1300 1473 Aria

205 1504 306 1564 literas
318 1505 417 1584 mittit,
431 1504 472 1564 ad
484 1524 565 1571 anm
584 1505 706 1566 incitans
726 1519 831 1566 contra
849 1500 1059 1581 Ale‘xandrum,
1078 1526 1164 1587 quem
1177 1525 1300 1586 puerum

203 1607 240 1657 =et
252 1596 412 1676 Margitem
426 1597 564 1678 appellat.
585 1597 664 1660 Plnt.
686 1597 774 1659 Dem.
788 1617 842 1678 pro
852 1599 934 1662 Ctes.
944 1600 1097 1660 Matutae.
1106 1601 1145 1660 sd
1155 1601 1299 1680 Harpocr.

205 1711 236 1770 p.
255 1693 327 1752 alt.
350 1691 520 1751 Alexander
532 1691 659 1752 adventu
672 1711 727 1752 suo
741 1687 889 1754 Groec'iam
903 1693 1046 1772 percellit.
1066 1692 1194 1753 Poenitet
1206 1693 1298 1752 Athe·

204 1780 331 1855 nienses,
345 1784 395 1864 qui
406 1784 520 1863 legatos
533 1785 572 1844 ad
588 1785 637 1846 Al.
652 1785 779 1845 mittrmt.
794 1805 833 1845 ex
845 1786 880 1846 iis
893 1785 983 1848 Dem.
1000 1785 1166 1848 Cithoerone
1180 1784 1298 1844 domum

204 1877 368 1946 revertitur,
389 1877 451 1936 sive
470 1877 559 1955 quod,
583 1896 671 1956 quem
696 1877 876 1950 offendisset,
900 1889 1055 1950 metueret,
1077 1877 1139 1938 sive
1159 1876 1301 1956 βασιλικῷ

206 1969 315 2050 χρυσίῳ
327 1979 491 2048 corruptae.
512 1967 685 2029 Alexander
693 1969 799 2048 legatis
812 1969 969 2030 liberaliter
981 1969 1168 2049 humaneque
1179 1987 1305 2056 respon-t

207 2061 291 2132 dens,
305 2061 503 2122 Athenienses
525 2072 608 2119 metu
630 2060 744 2120 liberet.
767 2062 861 2121 Diod.
883 2061 941 2122 Sic.
959 2061 1043 2122 Paul.
1064 2062 1153 2123 Oros.
1174 2061 1302 2120 Prenitet

163 2226 166 2232 Ι
209 2153 355 2212 Attalum.
375 2152 538 2230 Epistolam
550 2151 762 2212 Demosthenis
777 2151 817 2210 ed
832 2151 922 2210 Alex.
936 2151 1030 2212 mittit.
1045 2151 1224 2212 Interhcitur
1235 2152 1303 2212 Ale·

205 2245 316 2304 xandri
325 2249 358 2305 2.
371 2247 456 2322 jussu
469 2245 507 2303 ab
521 2243 678 2302 Hecetaeo.
695 2243 737 2302 D.
748 2242 917 2314 lhebenos,
931 2243 979 2322 qui
994 2263 1020 2304 c.
1033 2245 1073 2302 A.
1088 2243 1303 2323 conspirabant,

207 2333 390 2395 auxiliandos
400 2335 515 2394 suadet.
556 2332 669 2391 Thebae
681 2351 801 2392 erersoe.
834 2333 1198 2396 Tzetz.chil.vt1.tet.
1231 2335 1304 2393 Ale·

209 2428 327 2488 xander
339 2428 393 2490 sibi
413 2427 491 2486 tredi
509 2426 639 2505 postulat
655 2426 761 2485 decem
774 2437 915 2488 oratores.
936 2426 1027 2487 Diod.
1050 2427 1109 2488 ste.
1131 2425 1232 2488 xvn.
1256 2431 1305 2489 15.
1395 2415 1400 2422 ¹

210 2519 385 2583 Mam-ad
407 2520 670 2598 Harpocrssp.55.
691 2517 1135 2589 octu,eecundum1domenem
1156 2530 1187 2580 et
1206 2519 1303 2579 Durin
1376 2547 1380 2556 ·

211 2614 291 2693 apud
304 2612 452 2673 Plutarch.
465 2613 496 2671 in
508 2612 568 2671 vita
581 2610 669 2671 Dem;
689 2610 744 2671 hos
764 2611 828 2671 scil.
842 2612 1048 2691 Polyeuctum,
1063 2612 1229 2691 Ephialten,
1242 2612 1304 2693 Ly·

210 2723 346 2784 curgum,
366 2694 545 2785 Myroclem,
568 2704 745 2775 Damonem,
767 2702 987 2776 Callisthenem,
1010 2704 1306 2778 Charidemum,·De·

210 2798 405 2861 mosthenem.
419 2797 525 2857 decem
539 2801 628 2872 juxta
645 2795 766 2854 Suidam
783 2814 814 2854 r.
827 2796 1024 2875 Ἀντίπατρος,
1038 2796 1088 2876 qui
1100 2801 1199 2857 temen
1213 2796 1305 2856 unde·

210 2890 269 2951 cim
285 2900 503 2961 commemorat,
517 2888 583 2949 scil.
591 2887 778 2967 polyeuctus,
791 2888 953 2967 Ephialtes,
963 2888 1129 2970 Lycurgus,
1145 2890 1305 2965 Patrocles,

210 2984 370 3054 Diotimus‚
380 2977 557 3055 Cassander,
569 2980 770 3054 Charidemus,
783 2980 1012 3053 Demosthenes,
1024 2981 1202 3062 Hyperides,
1211 2982 1308 3043 Thra·

213 3078 343 3158 sybulus,
364 3078 487 3138 Chares.
527 3074 639 3136 Pabula
651 3076 690 3135 de
711 3075 839 3135 Ovibus:
857 3074 934 3134 Plut.
954 3075 1129 3135 Mercatoris
1146 3073 1306 3154 specimen.

211 3171 310 3231 Idem.
329 3170 462 3231 Phocion
475 3170 666 3249 obtrectator,
675 3168 762 3228 idest
771 3186 838 3227 cum
848 3168 1002 3248 Nepote&
1016 3169 1305 3247 ἀντιπολιτευόμενὸς,

213 3260 365 3322 mollitiem
385 3262 506 3321 oratoris
520 3262 689 3342 exprobrat,
707 3260 785 3343 quod
802 3280 857 3340 pro
870 3260 965 3321 salute
980 3260 1126 3320 communi
1139 3260 1214 3319 mori
1226 3260 1309 3321 dubi-¹

213 3364 303 3415 taret.
323 3354 465 3414 Demadis
474 3356 636 3415 decretam.
649 3354 827 3419 dtalentisa
842 3354 1042 3415 Demosthene
1055 3354 1196 3435 acceptis,
1206 3372 1308 3414 omnes

209 3446 374 3507 servandos
393 3446 515 3517 censuit,
529 3447 621 3507 missis
641 3446 679 3507 ad
693 3447 744 3507 Al.
758 3446 873 3527 legatis,
887 3446 939 3526 qui
956 3466 1010 3526 pro
1023 3447 1057 3524 iis
1071 3442 1308 3527 deprecarentur,

212 3550 246 3600 et
258 3538 463 3617 promitterent
475 3556 527 3598 eos
539 3557 577 3597 ex
587 3538 700 3617 legibus
710 3538 853 3617 patriae,si
867 3538 937 3619 quid
945 3540 1193 3613 commeruissem,
1206 3554 1309 3620 poenat

90 3652 95 3659 ·
214 3632 346 3692 daturos.
386 3630 683 3691 Probctasententia.
725 3630 871 3692 anretus
881 3631 1060 3701 Alexander.

194 3763 198 3768 -
257 3725 377 3805 Olymp.
394 3709 499 3784 0an
512 3728 543 3785 8.
559 3733 608 3783 ret.
627 3723 716 3785 Dem.
737 3730 786 3788 68.
807 3722 986 3785 Decorum.
1008 3724 1159 3788 AEsehines
1179 3725 1309 3806 quintam

80 3818 85 3827 '
212 3826 327 3899 partem
348 3815 550 3895 sumagtorum
567 3835 627 3877 non
647 3815 724 3877 tulit.
743 3816 839 3876 victum
854 3816 991 3877 Rhodum
1012 3819 1143 3879 secessit.
1184 3819 1310 3898 History

215 3909 253 3969 of
268 3908 419 3969 Rathines
439 3908 517 3968 aster
537 3907 583 3969 his
601 3909 702 3970 defeat
716 3934 764 3990 σχ.
780 3908 850 3970 MS.
871 3910 909 3969 ed
931 3929 973 3970 or.
994 3935 1026 3971 tr.
1048 3900 1174 3992 rapnrp.
1199 3910 1311 3969 Demo·

214 4001 336 4061 sthenes
346 4019 423 4079 equo
431 4000 624 4080 prosequitur.
651 4000 809 4062 AEschInes
819 4004 1029 4083 ‘comprehendi
1043 4023 1076 4063 se
1088 4015 1181 4081 retus,
1193 4004 1313 4062 obtecto

216 4094 296 4154 faeie
308 4092 443 4172 procidit.
472 4093 529 4173 *Ibi
540 4092 805 4168 consolatus-alter,
819 4094 962 4156 talentum
976 4096 1058 4157 dedit
1072 4096 1134 4175 (alii
1148 4102 1251 4175 μυρίας
1264 4098 1312 4155 dr-

217 4189 309 4260 rurdc)
321 4198 383 4245 tum
398 4184 497 4245 AEsch.
511 4204 609 4246 nonne
623 4186 725 4248 merito
739 4207 837 4268 gemo,
852 4208 920 4250 cum
933 4189 1023 4248 talem
1036 4187 1137 4247 urbem
1152 4188 1267 4260 desero,
1280 4188 1312 4248 in
1381 4242 1383 4255 ,

209 4296 278 4355 ,φη
288 4278 363 4337 tales
373 4278 470 4337 habeo
482 4276 624 4354 inimicos,
636 4281 740 4358 quales
751 4281 820 4347 alibi
829 4280 939 4341 amicos
948 4300 1009 4340 non
1019 4280 1168 4339 invenero.
1190 4280 1268 4341 Plut.
1282 4281 1313 4341 in

220 4368 292 4428 Vite
303 4370 392 4428 Dem.
405 4371 437 4430 in
451 4370 489 4430 X.
502 4382 575 4430 orat.
596 4371 717 4432 Hellad.
731 4373 812 4452 apud
825 4373 912 4434 Phoe.
923 4394 953 4453 p.
968 4378 1038 4433 804.
1053 4372 1122 4434 8⁷3.
1138 4371 1284 4456 Αἰσχίνης
1297 4376 1313 4435 ὅ

213 4463 310 4541 ’ῥήτωρ
321 4466 391 4540 μετὰ
403 4465 434 4523 τὸ
446 4463 623 4535 Ἀθηναίοις
640 4468 728 4526 ubet
738 4464 1005 4557 κατἰιψηφίσασθαι,
1020 4462 1221 4545 Δημοσθένους
1240 4470 1315 4549 stirpi
