3150 5125
306 365 356 437 sal
515 361 1071 476 10.TAY1.0R1PROLEG.Ao
1094 293 1200 422 DEM.

307 470 396 579 cienti
414 518 575 580 orationem
592 493 885 591 insatiatamdxtt.
908 469 1123 585 erubescerem,
1144 513 1273 572 sitente
1294 514 1441 592 populo.

306 611 465 670 consulens
485 608 679 687 extemporali
693 608 825 668 oratione
843 619 951 668 uterer.
973 606 1053 667 Plut.
1066 605 1105 665 X.
1116 599 1196 665 orat'.
1202 625 1231 663 v.
1245 603 1420 664 Historiam

312 702 454 762 Midianoe
468 701 547 762 Plut.
561 700 645 779 polit.
658 718 746 778 praec.
758 720 790 778 p.
800 702 871 762 890.
892 700 931 760 ad
950 698 1029 758 illurn
1050 715 1206 758 causarum
1226 715 1355 774 operam,
1373 693 1422 756 nd

309 812 397 872 quam
416 812 472 870 ego
491 810 640 870 nunquam
652 789 708 850 nisi
726 801 846 869 paratus
860 801 891 851 et
911 790 1069 850 meditatus
1089 787 1214 859 accedo,
1230 788 1419 866 adjungatur

310 885 459 961 hoeejurin
469 881 685 963 interpretatio,
697 901 764 960 qne
779 901 841 942 non
860 891 920 943 tom
938 881 1008 941 mihi
1026 880 1150 940 moleste
1168 879 1208 938 sit
1227 889 1347 957 propter
1365 880 1418 938 lar·

312 977 425 1046 boreos,
434 994 523 1056 quam
532 972 612 1053 quod
623 973 740 1034 dicendi
750 974 955 1053 cogitationem
966 971 1165 1056 auferntpaino
1174 971 1286 1049 qusjad
1298 971 1418 1031 nullam

310 1073 452 1143 majorem
472 1085 602 1147 unquam
621 1085 740 1128 mutam
754 1084 848 1153 ⁸tintus
867 1085 932 1127 sum
953 1063 1108 1126 accedere.
1139 1061 1204 1138 Cio.
1218 1061 1244 1122 1.
1260 1063 1300 1124 de
1312 1061 1417 1142 [regg.

311 1159 461 1239 Hermog.
474 1185 506 1220 π.
516 1158 582 1240 μεθ.
596 1158 696 1221 intuor.

355 1247 507 1312 Ciceronis
526 1250 604 1311 sales
627 1261 659 1311 et
683 1251 813 1312 dietatis.
854 1253 891 1312 Iu
915 1249 961 1312 his
980 1249 1072 1311 vincit
1092 1265 1237 1319 romanus,
1266 1247 1414 1326 gravitate

312 1361 437 1422 prnsus.
477 1340 600 1409 Quinu'l.
624 1342 680 1406 v1.
701 1348 733 1404 8.
752 1343 791 1402 Χ.
814 1348 841 1402 l.
885 1344 991 1403 Cicero
1013 1341 1101 1402 dices
1128 1339 1218 1400 etiam
1244 1339 1412 1400 dicebatur.

312 1434 455 1496 Maerob.
469 1434 532 1494 Sat.
546 1433 588 1494 11.
598 1439 629 1495 8.
643 1433 713 1492 VII.
727 1438 758 1494 8.
780 1433 898 1519 Seueoa
911 1436 1051 1495 Controv.
1066 1437 1096 1494 8.
1117 1431 1144 1491 E
1157 1431 1263 1509 quibus
1277 1429 1411 1509 (Atticis)

311 1538 412 1587 temen
425 1545 487 1586 non
499 1545 600 1586 omnes
612 1525 713 1595 faoeti,
726 1523 833 1604 Lysius
845 1525 916 1588 satia
924 1537 956 1586 et
971 1523 1151 1608 Hyperides,
1168 1521 1319 1582 Demades
1332 1541 1407 1601 prrs-

313 1628 361 1677 ter
384 1629 506 1678 eeteros
528 1617 633 1688 fertur,
657 1616 874 1678 Demosthenes
898 1618 993 1680 minus
1020 1617 1156 1678 habetur.
1196 1615 1265 1682 Quo
1293 1614 1412 1692 quidem

317 1709 470 1768 rnihinihil
483 1707 600 1768 videtur
611 1708 761 1769 urbanius.
797 1709 859 1770 Sed
871 1729 932 1770 non
942 1721 1003 1771 tam
1013 1710 1100 1770 dicax
1111 1708 1178 1779 tuit,
1188 1725 1277 1786 quum
1289 1706 1414 1767 facetus.

315 1800 375 1860 Eat
387 1809 486 1860 autem
498 1800 573 1860 iilud
585 1799 835 1878 serioris-ingenii,
854 1801 912 1861 hoc
933 1801 1050 1883 majoris
1065 1802 1146 1859 artis.
1166 1800 1230 1860 Cio.
1246 1799 1330 1858 Orat.
1363 1798 1414 1856 Di·

317 1891 429 1953 namtas
442 1893 561 1972 proprie
574 1891 722 1972 signifieat
740 1911 906 1952 termonem
927 1911 995 1954 eum
1013 1891 1072 1952 risu
1086 1891 1198 1971 aliquos
1212 1891 1414 1952 incessentem

318 1983 395 2046 Ideo
405 1984 635 2044 Demosthenem
646 1983 791 2042 urbanum
800 1982 1005 2054 fuissodieunt,
1012 1985 1143 2044 dicacem
1153 1993 1272 2061 negant.
1293 1981 1415 2048 Quintia

319 2077 390 2138 Vll.
405 2083 433 2138 8.
475 2077 555 2136 Bona
569 2076 663 2135 Mots.
676 2075 742 2134 ὄνον
756 2081 832 2136 σκιά.
845 2094 927 2155 prov.
943 2097 1011 2137 usus
1026 2074 1188 2154 Sophocles
1200 2075 1231 2133 in
1246 2073 1414 2145 Cedalione,

320 2169 513 2248 Aristophsn.
535 2168 568 2226 in
589 2165 723 2239 Dtsdnlo,
743 2164 868 2226 Lucian.
889 2167 919 2226 iu
940 2169 1039 2239 sectis,
1061 2165 1218 2227 Demosth.
1236 2165 1267 2224 in
1290 2165 1416 2247 Philipp.

318 2261 490 2321 Menander
507 2261 540 2319 in
551 2258 704 2320 Enchirid.
736 2257 823 2319 Plato
836 2259 864 2318 in
879 2257 1158 2337 Phoedr0‚·Proeop.
1172 2258 1202 2316 in
1214 2258 1341 2336 quadam
1355 2259 1413 2336 epi·

291 2342 294 2351 ¹
319 2354 405 2422 stola,
432 2350 802 2430 Orig.proef.adlibrum
823 2351 941 2412 811111.
968 2352 1097 2412 Geinum.
1139 2351 1314 2410 Aristoteles
1336 2349 1414 2429 apud

323 2444 407 2502 Suid.
421 2444 452 2502 in
472 2443 666 2508 διδασκαλίας
686 2441 727 2500 ait
746 2443 805 2501 hoo
824 2443 943 2504 nomine
963 2443 1094 2504 fabulam
1114 2453 1242 2516 epotare.
1282 2442 1415 2502 Plutx.

320 2546 395 2595 orat.
409 2533 523 2596 Zenob.
537 2534 709 2615 Apostolius
723 2533 829 2595 XM.
844 2534 926 2597 Suid.
936 2537 1003 2596 ὄνοι
1013 2537 1090 2609 111111.
1105 2537 1173 2615 ὑπὲρ
1187 2537 1254 2599 ὄνον
1265 2525 1355 2604 stade·
1367 2559 1419 2619 σχ.

320 2626 663 2707 Aristoph.Vesp191.
685 2627 807 2708 Apulei.
829 2628 1029 2707 Metamorph.
1048 2629 1269 2691 1811111110.
1311 2628 1417 2688 Demo·
1551 2630 1552 2643 ¹

320 2721 564 2801 strenueque
576 2731 669 2780 mure
682 2720 1083 2800 uinearumquuurxu.
1105 2720 1197 2781 suu.
1217 2720 1294 2799 sup.
1309 2720 1346 2778 T.
1358 2720 1423 2795 111.
1551 2692 1552 2709 ¹

321 2812 433 2874 Mater.
470 2812 615 2873 Timothei
635 2811 757 2871 dietum.
778 2812 971 2873 BonaMots..
1009 2812 1076 2873 Catu
1090 2812 1221 2871 Demade.
1242 2812 1297 2871 Me
1311 2812 1417 2872 Demo·

315 2902 451 2964 sthenes.
465 2923 514 2963 sus
529 2904 705 2965 Minervam.
747 2904 826 2963 Haec
840 2903 978 2964 Minerva
990 2924 1083 2984 nuper
1096 2906 1126 2977 in
1145 2904 1263 2985 Collyto
1278 2904 1311 2962 in
1330 2905 1414 2963 adul·

322 2995 397 3053 terio
412 2995 597 3072 deprehensa
609 3005 664 3054 est.
692 2994 773 3053 Plut.
787 2994 847 3053 Vit.
862 3006 893 3054 et
912 3016 999 3075 proee.
1014 2997 1071 3075 pol.
1086 3018 1117 3075 p.
1133 3000 1203 3059 890.
1224 2996 1419 3075 colytum·
1551 2972 1552 2979 ἵ

322 3104 390 3144 ven.
420 3085 489 3143 Cum
503 3087 647 3145 Phocione.
661 3107 690 3145 v.
704 3086 795 3146 Corn.
817 3086 894 3167 Nep.
915 3089 1007 3149 Phoc.
1030 3089 1142 3151 Phoeio
1154 3089 1238 3153 short
1250 3090 1310 3149 aud
1324 3090 1419 3169 pitiry.

323 3174 445 3235 Dictum
458 3177 613 3257 Polyeucti
631 3176 825 3257 (Polyeuotua
845 3180 894 3239 illo
914 3200 983 3253 oum
1003 3181 1143 3261 Lycurgo
1161 3193 1196 3241 nt
1216 3182 1416 3241 Demosdrena

321 3266 490 3346 legatusnd
503 3266 742 3346 Peloponnesios)
755 3271 891 3349 μέγιστον
905 3270 1102 3351 Δημοσθένην,
1125 3273 1321 3333 durero‘rorov
1339 3275 1362 3333 δ’
1380 3278 1419 3333 ei·

323 3368 388 3419 ersis
400 3360 542 3420 Φωκίωνα.
564 3359 641 3418 Piut.
654 3359 685 3418 in
698 3361 789 3435 Phoe.
811 3373 843 3422 ot
859 3362 940 3443 polit.
957 3384 1047 3443 prmo.
1063 3364 1131 3425 NB.
1153 3384 1253 3444 quaere
1266 3384 1336 3423 num
1350 3366 1420 3429 derv.
1474 3420 1478 3429 ,

208 3456 214 3464 ’
322 3471 363 3511 au
376 3450 473 3511 durat.
486 3452 720 3531 quotiesoun'que
740 3467 906 3532 assurgeret
924 3455 1036 3516 Phooio
1057 3455 1199 3527 dietum,
1219 3456 1291 3517 dixit
1312 3458 1420 3531 Demo·

318 3542 473 3615 sthenes»)
491 3535 547 3602 ‘rou
560 3543 641 3619 ipsiu
652 3544 748 3618 >tipus
761 3550 844 3611 torric
857 3549 1018 3606 ἀνίσταται.
1039 3546 1119 3605 Plut.
1139 3547 1169 3605 in
1182 3548 1270 3626 .polit.
1284 3568 1373 3627 proec.
1389 3549 1419 3607 in

323 3633 385 3693 vita
399 3635 486 3694 Deru.
503 3632 574 3692 ini.
597 3633 690 3693 Phoe.
712 3635 849 3697 Stoboeus
862 3656 949 3698 semu.
969 3643 1019 3704 87.
1033 3659 1063 3718 p.
1077 3644 1147 3701 221.
1170 3640 1420 3713 Demosthenidi7

324 3727 404 3787 eeuti
417 3727 457 3785 ad
469 3724 659 3797 Phocionem,
673 3727 812 3788 occident
825 3741 856 3791 te
869 3730 1073 3803 Athenienses,
1094 3732 1119 3791 si
1137 3733 1257 3810 quando
1275 3733 1421 3811 eruperint

317 3819 462 3889 insanire,
474 3816 625 3897 respondit
637 3816 761 3890 Pho'cio,
771 3831 803 3879 te
816 3840 897 3894 vero,
909 3823 958 3883 ubi
969 3822 1008 3886 ed
1021 3842 1121 3882 seuam
1129 3834 1259 3883 mentem
1273 3824 1420 3885 redierint.

322 3910 424 3971 Piut.
415 3931 446 3971 rn
460 3910 552 3971 Phoc.
567 3930 597 3989 p
613 3914 681 3971 181.
697 3922 728 3970 et
742 3912 961 3992 Apophthegm.
954 3936 1006 3991 .p.
1029 3918 1099 3976 118.
1122 3914 1229 3975 Annon
1247 3916 1304 3975 hoo
1320 3918 1418 3994 potius

329 4003 482 4079 Demadis,
497 4022 583 4082 quom
598 4002 827 4062 Demosthenis?
814 4004 876 4063 1ν.
892 4005 975 4065 Plut.
987 4005 1095 4067 Moral.
1138 4006 1248 4065 Mulier
1261 4019 1361 4089 parata
1374 4019 1450 4087 est·

256 4119 260 4130 ·
327 4095 492 4174 depositum
506 4096 631 4155 reddere
645 4104 704 4153 etc.
731 4094 830 4153 Valor.
846 4095 931 4155 Mox.
946 4096 1016 4165 vn.
1030 4102 1059 4157 8.
1127 4136 1130 4143 ·

368 4188 430 4247 Hie
444 4188 597 4248 desinebat
615 4186 735 4265 Teylori
754 4186 907 4264 diligentia
924 4189 1110 4267 ,compilaudi
1151 4188 1229 4249 Nem
1250 4189 1308 4250 loci
1320 4209 1338 4250 e
1352 4190 1422 4263 Sto·

322 4280 380 4344 boei
393 4289 425 4339 et
436 4278 564 4359 Max-imi
577 4288 667 4358 atqua
678 4276 798 4336 Antonii
808 4278 956 4357 florilegiis
969 4280 1162 4361 transscripti
1178 4280 1229 4359 qui
1243 4282 1423 4347 Adversaris

326 4372 493 4449 Teylorana
512 4369 730 4431 demostheuiea
748 4369 901 4441 claudunt,
921 4372 979 4432 huc
997 4373 1037 4431 nil
1057 4372 1180 4433 faciunt.
1220 4372 1328 4433 Fessus
1341 4376 1424 4453 eqni.-

324 4460 394 4529 dem
405 4482 470 4545 auru¹
480 4461 685 4564 describendo,
696 4472 883 4541 etnunquern
896 4463 961 4543 haee
973 4464 1293 4547 edidissemauajam
1308 4466 1434 4535 dudum.
