3150 5125
309 421 349 484 cl·
638 417 816 482 ‘REISKll
839 416 1066 480 PRAEFATIO

311 574 416 638 codem
428 574 531 646 titsln‚'
538 573 682 654 prodiisse
695 573 904 634 Demosthenis
916 571 1048 644 ἶιδόσειςζ
1063 569 1177 632 dabunt
1189 569 1314 651 singola
1326 575 1416 652 paene

311 667 425 748 pagine
438 667 512 739 libri,
529 687 586 744 quo
604 665 775 726 varietatem
798 665 934 726 lectionis
955 664 1193 725 Demosthenicoe
1216 664 1415 744 undecunque

311 759 506 836 conquisitam
530 759 686 820 exhibebo.
710 777 799 837 qoem
822 757 937 830 librum,
951 757 1031 835 qnod
1052 758 1083 815 in
1105 755 1213 816 molem
1226 753 1415 836 grandiorem

308 851 485 922 excederet,
496 851 565 911 ideo
580 851 691 930 placuit
703 869 723 910 a
734 850 846 929 reliquo
868 867 989 929 corpore
1008 847 1173 910 nostramm
1184 846 1414 914 ,annotatientnn

310 961 479 1022 segregare,
493 953 524 1003 et
536 943 678 1022 peculiari
694 943 854 1016 volumine,
868 942 950 1022 quod
962 959 1060 1022 operas
1080 961 1099 1003 a
1118 941 1203 1002 nobis
1217 941 1414 1002 Demosmeni

310 1047 425 1096 navate
439 1035 563 1116 primum
577 1036 641 1106 erit,
649 1029 840 1096 concludere.
880 1035 994 1096 Ponant
1007 1033 1111 1095 tamen
1119 1035 1168 1094 hic
1180 1035 1311 1114 exempli
1325 1048 1414 1094 cansa

309 1127 409 1188 iocum
429 1147 520 1187 nnnm
541 1127 712 1200 alterumve,
732 1128 811 1188 unde
825 1126 937 1206 liquido
951 1135 1078 1200 constet,
1090 1127 1271 1207 exemplaria
1284 1127 1412 1198 Aldine,

310 1221 415 1300 quibos
427 1221 472 1281 nsi
485 1233 554 1280 sunt
563 1219 731 1302 Ohsopoens
744 1233 776 1282 et
786 1220 941 1302 Taylorus,
953 1221 991 1281 ab
1001 1239 1039 1281 eo
1049 1218 1274 1300 discrepavisse,
1284 1236 1344 1299 qno
1356 1233 1411 1297 ego

310 1331 381 1373 nsus
400 1329 474 1374 sutn.
492 1333 520 1372 r.
536 1333 569 1393 p.
592 1313 728 1375 editionis
747 1313 895 1386 Parisino,
915 1317 987 1393 (qna
1005 1309 1115 1392 ubique
1129 1312 1160 1370 in
1172 1311 1229 1372 bac
1241 1311 1411 1392 prefatione

311 1415 390 1484 utor,
409 1423 478 1484 ques
496 1405 669 1466 necessariis
682 1405 721 1466 de
734 1405 829 1466 causis
843 1406 921 1485 prins
942 1405 1117 1466 excudenda
1129 1403 1197 1475 fnit,
1210 1421 1300 1483 quam
1314 1413 1411 1463 nostra

312 1515 478 1575 grecomm
500 1496 796 1557 Demosthenicornm
816 1497 930 1574 editio.)
942 1501 975 1567 6,
991 1498 1039 1560 17.
1060 1496 1111 1567 86,
1127 1499 1279 1557 111119.
1300 1499 1352 1564 84,
1363 1499 1411 1554 116.

311 1593 362 1660 86,
377 1589 562 1651 aia-item
577 1593 685 1660 llat.
705 1594 776 1662 M.
800 1589 908 1662 15,11.
932 1594 981 1660 16,
992 1591 1043 1649 20.
1065 1589 1411 1659 18,1.111.81,1611

311 1683 362 1741 81.
403 1681 480 1739 Haec
493 1700 562 1740 corn
574 1697 652 1741 anno
666 1681 809 1761 superiori
823 1697 991 1740 exarassem
1012 1676 1224 1758 (praefationem
1245 1678 1326 1738 hanc
1346 1678 1411 1738 anni

312 1775 401 1836 1766.
420 1789 522 1831 mense
542 1771 708 1851 Septembri
729 1773 906 1849 conscripsi;
928 1787 1007 1829 nnnc
1031 1774 1139 1841 antem,
1160 1765 1209 1827 die
1234 1772 1281 1832 17.
1304 1770 1411 1830 meroris

308 1863 488 1925 Novembris
504 1866 592 1928 1769.
604 1863 770 1924 excedendi
782 1863 894 1921 facturo
908 1871 954 1921 est
965 1859 1091 1934 initium)
1103 1859 1210 1920 obtulit
1223 1860 1339 1921 interim
1352 1862 1410 1922 for-

191 2015 224 2044 ·‚
310 1967 384 2016 mma
408 1956 541 2016 secunda
560 1955 632 2014 mihi
657 1953 825 2034 exemplum
847 1951 1054 2014 Demosthenis
1077 1952 1177 2013 Aldini
1197 1953 1311 2025 renale,
1334 1947 1412 2034 qnod

310 2067 371 2108 erre
383 2064 450 2107 meo
463 2067 562 2107 meum
575 2047 636 2107 feci
648 2065 767 2126 prorsus
786 2045 881 2106 simile
894 2044 936 2104 illi
956 2045 1057 2124 primm
1071 2045 1190 2106 editioni
1205 2045 1336 2118 Aldine),
1351 2062 1410 2126 qna

309 2141 356 2200 nsi
375 2151 444 2200 sont
458 2139 633 2219 Obsopoeus‚
651 2137 872 2219 Monnteneyne
895 2144 925 2198 et
938 2136 1092 2217 Teylorns.
1112 2145 1147 2198 nt
1167 2138 1287 2198 dubiam
1311 2154 1408 2209 omne,
1501 2173 1506 2182 ,

199 2248 204 2257 ’
309 2253 369 2314 qno
382 2244 470 2294 antea
482 2233 623 2312 agitabar,
637 2231 677 2292 de
688 2231 805 2310 gemina
816 2229 888 2290 Aldi
902 2229 1008 2290 eodem
1022 2247 1099 2289 anno
1112 2229 1192 2290 lacta
1201 2230 1409 2291 Demosthenis

310 2326 439 2386 editione
452 2324 521 2384 mihi
529 2329 592 2400 jam
605 2334 766 2396 eremum,
777 2323 879 2402 reique
888 2322 1007 2394 veritas,
1018 2322 1089 2382 meis
1103 2323 1196 2383 oculis
1208 2323 1343 2396 testibus,
1356 2323 1408 2383 de·

309 2425 468 2476 monstrata
488 2424 520 2476 et
539 2425 623 2474 extra
642 2415 867 2475 controversiam
888 2414 984 2494 posita
1003 2413 1051 2474 sit.
1103 2414 1281 2475 Proeclarnm
1302 2426 1357 2490 est,
1378 2423 1408 2475 11

310 2505 409 2585 magni
423 2525 441 2566 a
453 2523 500 2565 mc
513 2503 557 2576 tit,
579 2506 659 2586 qnod
672 2506 843 2587 exemplum
858 2504 1064 2566 Demosthenis
1076 2505 1177 2567 Aldini
1189 2521 1288 2567 menni
1307 2514 1407 2568 tenent

310 2600 416 2659 eodem
425 2599 572 2660 volumine
583 2600 754 2661 conclusum
763 2600 921 2679 Ulpianum
936 2618 1052 2678 quoqne
1063 2608 1093 2657 11
1102 2599 1250 2678 Harpocr.
1271 2600 1407 2661 Lexicon

309 2694 348 2754 ab
362 2693 442 2752 Aldo
455 2693 561 2752 eodem
573 2711 649 2754 anno
664 2692 785 2753 editum.
828 2690 1032 2751 Distinctionis
1053 2707 1143 2751 cause
1162 2691 1330 2771 exemplum
1345 2689 1407 2753 Ob·

308 2803 410 2869 sopoeo
423 2796 602 2865 usurpatum,
611 2786 751 2847 Aldinam
765 2784 970 2864 antiquiorem,
981 2782 1114 2856 aiterum,
1127 2790 1208 2860 cnjus
1218 2785 1315 2845 adhuc
1323 2786 1408 2866 plora

308 2889 466 2960 supersunt
484 2880 516 2937 in
535 2878 719 2939 bibliothecis
738 2877 883 2955 exempla,
904 2877 984 2935 illem
1005 2876 1234 2937 emendatiorem
1254 2884 1332 2957 puta,
1354 2897 1408 2958 po-

308 2973 461 3032 steriorem
475 2970 639 3048 appellabo.
682 2969 793 3048 Repsri
814 2986 931 3047 quoque
954 2967 985 3027 in
1004 2969 1078 3031 libro
1092 2969 1280 3030 Weimarano
1298 2970 1408 3031 subob-

309 3084 394 3126 scura
406 3064 493 3138 hujus
507 3062 637 3137 ejusdem
656 3063 699 3122 rei
719 3060 852 3140 vestigia.
893 3060 971 3123 Nom
991 3079 1021 3141 p.
1035 3067 1105 3125 618.
1122 3068 1152 3124 9.
1167 3056 1215 3125 ed.
1227 3062 1320 3125 Paris.
1339 3064 1406 3125 hoec

306 3156 406 3236 reperi
419 3156 448 3214 in
462 3154 650 3215 Weimarana
664 3153 774 3214 Aldina
793 3164 933 3216 annotate
953 3156 1035 3235 adp.
1050 3160 1100 3220 67.
1111 3160 1160 3218 86.
1174 3157 1209 3218 T.
1223 3156 1263 3215 11.
1286 3158 1336 3217 ed.
1349 3159 1405 3217 Ai-

203 3244 209 3253 ’
308 3244 396 3321 dinae‘,
410 3246 461 3306 nbi
474 3256 521 3306 est
533 3246 563 3305 in
577 3249 711 3328 exemplo
724 3246 877 3328 posteriori
898 3248 1063 3329 ἕτεροπλοίω
1084 3248 1148 3309 hec
1163 3268 1282 3310 amano
1302 3270 1405 3311 recen·

307 3342 391 3402 tiore.
434 3343 607 3421 (inperito.
630 3341 661 3399 in
674 3360 718 3420 pr.
732 3341 781 3400 ed.
795 3342 838 3400 ἐπ.
853 3344 950 3421 πλείῳ.
971 3340 1023 3402 sed
1037 3362 1066 3421 p.
1081 3342 1174 3402 soluit
1188 3344 1301 3427 riolp.)
1344 3344 1405 3403 Sed

270 3476 273 3483 -
306 3450 431 3493 necesse
452 3444 497 3493 est
515 3441 549 3491 ut
565 3432 657 3505 iilum,
672 3433 838 3513 quicunqne
855 3431 922 3503 11111,
938 3432 986 3512 qui
1006 3432 1063 3493 itta
1075 3434 1233 3505 annotavit,
1248 3435 1406 3495 1111111111-

305 3524 424 3585 fellerit.
444 3523 555 3583 namin
572 3524 679 3584 Aldina
689 3543 756 3584 mea
768 3534 814 3583 eet
827 3525 977 3603 irrpnrlip
990 3527 1055 3604 (per
1075 3526 1158 3600 iota.)
1198 3526 1285 3586 Patet
1304 3535 1405 3588 tamen

307 3636 373 3677 enm
394 3617 473 3695 siglis
485 3616 542 3676 illis
558 3638 605 3693 pr.
618 3619 659 3676 ed.
680 3615 834 3695 designare
854 3614 978 3675 voluisse
996 3616 1119 3695 primam
1145 3616 1216 3677 Aldi
1235 3618 1404 3679 editionem.

305 3711 376 3790 qnid
389 3719 487 3770 antem
499 3728 528 3785 p.
543 3709 701 3769 solitarium
720 3708 762 3769 sic
774 3707 901 3788 positum
915 3708 968 3768 sibi
980 3709 1059 3781 velit,
1071 3710 1150 3770 head
1169 3710 1310 3790 intelligo.
1333 3712 1404 3772 Pari

306 3802 405 3873 modo,
419 3803 457 3861 ad
470 3800 579 3873 locum,
592 3802 642 3880 qui
656 3801 685 3861 in
697 3798 829 3861 Parisino
842 3820 870 3881 p.
885 3804 955 3873 658,
969 3806 1019 3863 18.
1040 3802 1154 3882 legitor,
1169 3804 1234 3863 haec
1253 3804 1349 3883 reperi
1364 3806 1403 3865 ab

305 3896 409 3956 eadem
429 3894 593 3953 recentiore
613 3912 701 3954 mann
721 3904 871 3964 annotata,
886 3912 953 3974 quoe
966 3914 1026 3955 non
1042 3895 1182 3975 intelligo.
1197 3902 1253 3977 (pr.
1267 3900 1329 3976 περὶ
1344 3916 1403 3969 em.

206 4056 217 4067 ι
304 4000 338 4049 nt
347 3989 484 4061 hic.)non
494 3996 593 4067 potest
602 3986 675 4059 lieri,
688 3989 758 4066 qnin
770 3996 841 4047 nota
851 4008 897 4063 pr.
911 3987 1067 4048 editionem
1081 3988 1152 4047 Aldi
1166 3991 1297 4069 primam,
1314 4010 1404 4051 voca-

176 4141 180 4150 ,
303 4082 374 4143 bulo
393 4082 437 4140 iic
456 4089 553 4139 antem
574 4078 734 4140 secundam
747 4079 926 4159 designarit:
946 4100 1013 4140 nem
1024 4079 1110 4152 inea,
1123 4082 1403 4159 queebibliotheca

303 4174 426 4235 civitatis
439 4172 600 4254 Lipsiensis
613 4192 683 4233 unns
702 4192 777 4243 sum,
798 4183 829 4231 et
846 4192 912 4252 quoe
934 4174 1037 4233 eadam
1056 4182 1101 4233 est
1122 4192 1189 4234 cum
1203 4174 1401 4251 Weimarsne‚

301 4269 408 4347 iegitur
420 4266 471 4326 ilio
486 4285 571 4326 versu
591 4265 637 4325 bis
659 4265 747 4343 παρά.
766 4281 828 4323 non
847 4270 920 4340 srspt.
962 4264 1004 4325 Et
1027 4274 1180 4327 annotator
1199 4258 1250 4328 ille
1270 4268 1402 4329 Weima·
1421 4306 1437 4331 a

300 4378 389 4417 renus
409 4357 527 4418 codices
546 4374 615 4419 snos
634 4366 725 4415 mstos
744 4374 805 4416 non
824 4356 973 4417 vocabulis
989 4376 1036 4435 pr.
1058 4380 1110 4419 sec.
1127 4368 1194 4421 tert.
1214 4360 1268 4421 sed
1291 4360 1402 4442 ciphris

303 4456 332 4509 l.
346 4456 376 4509 2.
390 4456 420 4512 8.
435 4449 589 4527 designare
602 4448 764 4509 consuevit.
807 4449 841 4507 ln
855 4467 922 4511 meo
936 4451 1070 4530 exemplo
1085 4450 1202 4511 Aldinee
1220 4452 1340 4513 dubium
1354 4468 1402 4516 est

300 4540 372 4622 qnid
391 4542 524 4622 primitus
544 4542 584 4602 ibi
602 4540 701 4601 inerit.
721 4560 789 4603 nam
808 4552 855 4603 est
869 4542 986 4623 quidem
999 4543 1039 4604 ibi
1053 4543 1152 4625 ntique
1166 4548 1227 4627 περὶ
1240 4544 1295 4607 sed
1309 4547 1352 4609 sic
1365 4560 1399 4608 nt

1545 4648 1547 4677 ¹
