3150 5125
435 413 448 458 '-
503 405 565 477 AD
587 405 937 472 humescamus.
1198 408 1268 471 ctis

173 559 408 642 mim
423 561 459 622 V.
474 563 568 636 Tou,
583 563 813 644 dtiomeputs,
827 565 865 626 sl>
885 561 950 643 ipso
967 559 1269 641 memoranti·

170 654 263 714 th
278 655 340 732 jn
360 674 449 736 snpra
467 656 642 716 retulit·
659 657 761 716 titius
782 655 891 716 Period
910 655 945 716 of
961 654 1091 715 LXXX.
1111 667 1205 734 ysam
1219 651 1270 712 ubi

169 763 248 827 pue
261 745 334 807 nihil
346 750 410 826 egit
418 749 509 820 aliud,
520 769 607 828 quen
617 749 779 810 utnomioe
789 748 894 810 ederet
907 747 1125 825 motumqui
1133 765 1180 806 res
1188 745 1269 804 atati

170 840 302 920 Phihppi
313 852 345 902 et
357 842 567 904 Demosthenis
581 843 709 921 sequela
718 853 751 902 et
762 859 906 922 suppares
915 840 1062 902 ueram
1074 837 1271 900 mamm

170 933 390 1013 Μῃπη.
409 935 504 996 multo
522 936 650 1015 plurima
659 934 699 995 de
711 935 908 1015 Theopompo
925 933 1055 1012 collegit.
1076 932 1216 1013 pauciore
1228 931 1270 991 de

171 1024 332 1098 Slhrehm
354 1025 488 1106 Marsya,
508 1027 621 1108 Diyllo,
642 1026 770 1100 Doride,
789 1045 840 1094 oue
858 1028 925 1086 leel
941 1025 1124 1094 isDiodorus
1141 1024 1271 1102 mrigssd

160 1117 218 1196 sor
232 1119 287 1178 rtis
296 1139 424 1196 purpose,
437 1119 543 1199 Sstyro
554 1119 762 1198 Peripatetico,
774 1118 942 1178 Philochori
952 1117 1066 1185 Atticis,
1079 1113 1274 1208 Callisthene,

71 1289 74 1294 .
171 1209 303 1288 Ephoro.
315 1209 454 1272 indicarit
466 1221 602 1272 suctores
616 1230 636 1271 a
645 1210 809 1271 Scholiasta
818 1211 859 1270 ad
868 1209 1035 1269 AEschinem
1047 1206 1190 1278 leudastis,
1205 1219 1267 1266 tum

167 1301 252 1362 locos
267 1303 376 1374 Suidoe,
390 1303 441 1363 nbi
460 1304 498 1364 de
512 1305 572 1364 rite
589 1285 800 1364 Demosthenis
812 1301 947 1382 quedem
965 1301 1131 1361 efferuntur.
1152 1319 1180 1379 p.
1194 1301 1266 1364 770.

172 1399 226 1452 too
239 1393 346 1454 Prosci
363 1395 447 1454 Doce
460 1397 497 1476 ef
511 1391 606 1472 Philip
618 1395 655 1475 of
668 1394 814 1454 Macedon.
856 1393 980 1454 Charles
998 1392 1035 1452 de
1055 1392 1185 1452 l'Ecluse
1198 1390 1268 1451 Life

171 1485 210 1545 of
214 1485 310 1566 Philip
321 1487 463 1548 Tonreill.
483 1487 594 1549 Rollin.
603 1485 809 1547 L'Eduestion
819 1485 857 1546 de
867 1485 1009 1565 Philipps.
1031 1485 1145 1544 Pletho.
1157 1505 1187 1562 p·
1198 1487 1271 1548 771.

173 1577 337 1659 Scriptores
349 1579 419 1640 vitas
432 1579 650 1641 Demomhenis.
691 1579 868 1640 Plutarchus
878 1579 908 1638 in
927 1577 986 1638 vitu
1000 1577 1088 1636 Dem.
1103 1587 1134 1637 et
1152 1577 1186 1635 in
1204 1577 1274 1636 vitis

172 1687 195 1728 x
213 1683 369 1731 cretomm.
390 1671 516 1752 Dionys.
539 1673 639 1732 Helie.
661 1671 802 1731 Lihsnins
823 1671 863 1730 ed
884 1669 1042 1732 Montium.
1072 1668 1212 1728 Libauius
1230 1669 1272 1728 de

172 1762 375 1823 Demosthene
388 1763 458 1824 MS.
478 1764 605 1844 Collegri
617 1765 682 1825 ciii
696 1763 866 1842 Cantabrig.
885 1761 1001 1822 Lrhsnii
1014 1761 1159 1841 Apologia
1178 1761 1267 1825 Deut-

172 1853 301 1934 Sophist.
320 1855 442 1916 Photins
451 1855 481 1915 in
493 1857 560 1917 ritis
573 1869 773 1918 moratorum.
815 1856 948 1916 Zosimus
962 1863 993 1915 et
1007 1855 1181 1934 Anonymus
1194 1873 1213 1914 e
1226 1853 1271 1914 bt-

170 1947 320 2008 liliotheea
337 1949 417 2027 regis
438 1949 673 2010 christianissimi
693 1971 721 2009 v.
742 1949 830 2008 Febr.
844 1949 880 2008 B.
894 1947 934 2008 G.
949 1947 986 2006 T.
1003 1945 1062 2006 111.
1082 1967 1113 2026 p.
1127 1951 1175 2009 15.
1208 1945 1271 2004 Lu-

172 2039 283 2100 cienus.
299 2040 405 2101 Suides
417 2051 474 2102 ter.
495 2042 639 2102 Eudoeia.
661 2042 812 2102 Fabricius
827 2040 864 2100 B.
879 2039 932 2100 Gr.
954 2039 1108 2119 Ulpianus.
1122 2059 1150 2100 v.
1167 2039 1267 2100 Schcl.

172 2131 212 2190 erl
224 2131 353 2194 Tmoer.
365 2153 395 2193 n.
410 2139 483 2195 919.
504 2133 551 2194 ed.
573 2135 675 2194 Lutet.
697 2133 816 2194 Schotti
835 2131 902 2214 vites
918 2131 1085 2192 Aristotelis
1106 2141 1136 2192 et
1156 2133 1271 2192 Demo·

171 2223 282 2284 menis
296 2239 472 2306 comparate
488 2228 568 2305 Aug.
587 2225 705 2285 Vindel.
722 2231 812 2286 1608.
826 2229 857 2285 4.
899 2223 955 2282 Old
967 2223 1050 2281 Isura
1070 2223 1108 2302 ‘ff
1119 2223 1201 2284 Dem.
1220 2243 1271 2300 pe·

171 2319 256 2376 ruoed
273 2319 306 2394 hy
319 2319 439 2396 Dionys.
452 2319 548 2378 Helio.
561 2318 759 2397 fremuisset
780 2317 813 2374 le
825 2315 955 2391 corrpilsd
968 2315 1010 2374 lis
1024 2311 1098 2394 Lffs.
1132 2313 1219 2374 Idem
1231 2315 1271 2374 ad
1292 2329 1294 2334 ’
1338 2387 1342 2394 ¹

122 2469 129 2480 ἱ
175 2412 352 2472 Amineum.
380 2409 522 2491 Leonerd
534 2411 635 2469 Bruno
649 2407 800 2470 Aretinus.
830 2405 947 2466 Brodeei
961 2407 1089 2468 Miscell.
1105 2407 1159 2467 IV.
1173 2412 1222 2470 96.
1238 2410 1268 2468 Α

174 2521 205 2581 p·
215 2504 287 2567 775.
295 2503 334 2563 sd
344 2523 374 2582 p.
385 2507 457 2565 945.
471 2501 624 2562 contexuit
631 2501 720 2560 vitem
729 2500 948 2571 Demosthenis,
960 2519 1046 2579 quem
1054 2501 1197 2560 verbatim
1204 2499 1271 2560 red-

118 2585 121 2591 ’
176 2594 257 2665 dam,
270 2596 386 2655 temetsi
400 2595 492 2654 multa
500 2595 563 2671 jam
577 2614 596 2654 e
610 2594 731 2655 Schotto
749 2606 781 2653 et
801 2594 864 2653 eliis
881 2594 989 2653 credita
1007 2605 1076 2653 sunt
1097 2594 1216 2664 eedem;
1237 2604 1271 2653 ut

176 2683 350 2745 columniam
365 2704 510 2765 occupem
524 2684 717 2765 querentium,
732 2704 780 2744 me
793 2704 877 2763 poene
890 2684 961 2742 nihil
973 2702 1056 2743 usum
1076 2702 1141 2743 esse
1155 2684 1272 2745 schedis

177 2776 307 2856 Teylori,
326 2777 473 2856 inquibus
494 2776 630 2856 profecto
643 2796 703 2836 non
715 2777 838 2835 multum
852 2776 1049 2855 reperi-quod
1060 2776 1180 2855 dignum
1194 2786 1272 2837 esset

175 2869 233 2928 edi.
277 2869 327 2929 Sic
341 2888 413 2948 ergo
426 2869 516 2928 habet
528 2869 580 2928 ille
593 2867 804 2928 Demosthenis
819 2867 887 2926 Vite
900 2887 919 2927 a
933 2866 1061 2946 Teylero
1075 2868 1211 2929 collecte.

217 2966 246 3021 l.
268 2960 408 3021 Nascitur
427 2961 546 3041 Olymp.
560 2965 611 3023 99.
631 2966 663 3021 4.
704 2960 818 3019 Praetor
836 2960 1039 3039 Demophilus.
1062 2960 1220 3041 Dionysius
1233 2958 1275 3021 ed

176 3054 352 3114 Animorum.
371 3052 513 3115 Zosimus.
534 3053 604 3112 vitm
624 3052 750 3112 Schotti.
772 3052 891 3133 Olymp.
906 3056 956 3113 98.
971 3058 1001 3112 4.
1023 3052 1173 3113 Plutarch.
1186 3053 1219 3111 in
1230 3053 1271 3115 X.

176 3145 348 3204 oratoribus.
368 3144 417 3204 lte
428 3144 492 3204 iere
507 3144 629 3204 Photius
642 3145 671 3202 in
687 3142 880 3203 Bibliotheca.
901 3143 1063 3203 Pelmerius
1075 3162 1143 3204 cum
1161 3145 1272 3207 Petito.

177 3238 269 3297 Hunc
283 3238 425 3297 calculum
437 3237 571 3297 defendit
585 3238 698 3298 Petitus
712 3237 751 3296 ed
764 3237 864 3315 Leges
873 3238 987 3297 Atticus
1000 3256 1029 3315 p.
1042 3242 1112 3300 966.
1124 3239 1172 3299 ed.
1183 3239 1270 3299 Wes-

176 3330 230 3389 ssl.
250 3331 458 3407 Appoodivped
471 3332 563 3411 ῥήτωρ
581 3328 708 3407 ἐγενήθη
719 3335 800 3409 rplrp
812 3328 867 3390 ires
879 3332 936 3411 μετ’
947 3331 1156 3410 Ἀριστοτέλην.
1171 3334 1270 3393 Auen.

179 3422 307 3481 Recens.
322 3421 441 3501 Olymp.
458 3422 584 3498 tymeus,
603 3422 657 3483 ires
676 3426 808 3501 πρότερον
828 3436 877 3494 τῆς
896 3425 1046 3495 ἑκατοστῆς
1066 3422 1271 3503 Ὀλυμπιάδος.

177 3513 304 3591 Dionys.
319 3512 418 3572 Helie.
434 3514 473 3572 ed
487 3514 659 3574 Ammarnm
683 3514 732 3574 Ita
744 3514 833 3573 etiem
849 3512 983 3592 Sigonius
996 3513 1035 3574 de
1048 3514 1272 3579 Atheniensium

177 3604 368 3683 temporibus.
383 3624 411 3663 r.
425 3604 538 3665 Meum.
551 3606 639 3665 Lect.
660 3607 727 3665 Ast.
742 3606 800 3664 Ill.
815 3610 864 3668 25.
906 3606 969 3665 Nos
982 3608 1020 3666 ed
1040 3608 1199 3669 orationem
1215 3610 1273 3669 Mi·

177 3697 304 3757 dianam.
319 3695 439 3776 Olymp.
452 3700 503 3758 98.
521 3702 552 3759 4.
568 3696 667 3757 Schol.
687 3698 757 3778 Uip.
770 3703 820 3761 99.
833 3705 863 3758 4.
877 3718 904 3757 v.
917 3719 948 3777 p.
959 3702 1028 3763 347.
1042 3700 1091 3760 ed.
1106 3700 1196 3763 Puris·
1212 3702 1273 3763 Mi·

176 3790 262 3849 mane
276 3794 323 3850 15.
337 3808 429 3849 annos
448 3800 515 3868 post
530 3789 694 3850 Stratonem
713 3800 746 3851 et
764 3780 885 3853 sumes.
904 3790 995 3870 Ergo.
1038 3793 1156 3853 Thema
1172 3796 1273 3855 natali·

176 3883 252 3943 cium
274 3880 482 3941 Demosthenis
496 3882 639 3943 Firmicus
653 3883 679 3943 I.
692 3888 724 3944 6:
754 3882 980 3955 Demosthenes,
995 3884 1043 3964 qui
1060 3886 1165 3947 abhinc
1179 3906 1271 3950 eunus

176 3993 270 4055 prope
283 3984 447 4036 tercentum
459 3974 524 4034 suit.
546 3974 655 4037 Cicero
668 3976 707 4035 de
721 3975 820 4036 Divin.
838 3976 877 4036 11.
892 3980 962 4037 280.
982 3978 1064 4036 annis
1079 3990 1157 4037 ante
1170 3998 1271 4038 exces-

176 4086 240 4126 sum
255 4065 406 4126 Ciceronis
426 4066 498 4125 ohiit
511 4066 738 4127 Demosthenes.
767 4067 893 4148 Dionys.
914 4069 1015 4129 Helie.
1030 4069 1124 4148 Epist.
1144 4072 1183 4129 ad
1198 4072 1271 4129 Am·
1339 4086 1343 4095 ’

174 4176 292 4229 meum,
300 4158 348 4217 vel
357 4159 485 4219 nescitur
498 4169 567 4219 unte
574 4172 683 4221 netum.
698 4161 779 4240 quod
788 4162 910 4241 perinde
922 4162 986 4222 erit.
999 4159 1039 4241 [el
1051 4180 1157 4241 nempe
1167 4174 1272 4223 neuter

175 4264 290 4313 teretem
309 4253 387 4312 rrltre
408 4272 516 4313 annum
537 4254 750 4335 sexagesimum
770 4254 935 4337 produxit]
967 4256 1088 4334 Ulysees
1107 4266 1137 4313 et
1152 4255 1270 4331 Nestor,

177 4364 300 4423 quorum
313 4356 386 4405 ates
399 4346 478 4404 mille
490 4346 553 4405 lere
567 4358 598 4406 et
611 4348 742 4408 ducentis
762 4350 844 4409 anuis
864 4348 994 4409 menium
1008 4358 1139 4407 nostrum
1153 4360 1271 4411 antece·

83 4446 88 4459 ’
177 4436 229 4495 dit.
248 4438 309 4497 Vos
321 4449 420 4497 eutem
433 4437 667 4501 Demosthenem
687 4454 723 4509 et,
735 4442 920 4521 Hyperidem
942 4439 1100 4519 percipitis,
1115 4438 1270 4519 quos‘sstis

177 4529 437 4609 constetl'hilippi
455 4542 487 4591 et
503 4532 668 4593 Alexandri
687 4535 867 4613 temporibus
886 4532 1030 4601 floruisse,
1055 4530 1095 4591 ite
1111 4545 1214 4621 tamen
1237 4550 1270 4599 ut
