3150 5125
289 380 384 457 lxxxii
718 381 742 443 1.
764 371 977 442 certost·

334 505 507 596 Laudabilir
525 530 645 614 quidem
666 545 711 596 est
727 535 996 616 omnisanlrnorurn
1008 530 1176 594 institutios.
1199 539 1396 613 nequetants

295 647 423 710 unquam
434 626 491 687 suit
500 638 551 687 aut
560 627 591 686 in
600 628 752 690 nascendo
760 628 934 708 ingenuitas,
946 639 998 688 aut
1007 625 1180 687 conditionis
1190 622 1397 704 prerogativa,

262 733 265 740 '
297 722 345 796 cui
358 741 418 783 nnn
430 721 640 800 aliquantulum
659 720 778 780 addidit
791 721 944 801 perceptio
957 721 1079 780 istarum
1093 718 1207 789 amium,
1220 734 1296 795 ques·
1306 712 1399 794 profr-

296 824 409 885 teman
436 814 497 874 sive
518 812 696 872 contulerint
719 813 758 872 ad
779 811 1018 872 exercitationem
1038 808 1256 882 adolescentia,
1276 807 1338 868 sire
1356 805 1399 866 sd

213 909 231 934 ‘
296 904 458 981 subsidium
466 904 644 964 senectutis:
665 905 726 964 sive
737 905 806 975 sint,
818 904 868 964 ubi
879 904 935 964 Illa
945 913 1015 962 atas
1025 921 1111 962 suum
1122 901 1213 960 otium
1222 915 1400 960 consumere

298 997 392 1078 possit
402 1016 472 1056 curn
483 995 660 1066 innocentia,
679 1006 731 1056 aut
747 995 814 1056 haec
833 1014 901 1054 cum
922 993 1051 1077 quodam
1068 992 1167 1052 fructu
1182 988 1400 1066 jucunditatis:

300 1089 427 1168 denique
440 1089 502 1170 siva
515 1087 654 1159 tutandis,
668 1087 728 1146 sive
743 1086 881 1146 ornandis
898 1086 1026 1146 moribus
1044 1085 1101 1144 sint
1116 1093 1251 1163 repertae.
1291 1081 1340 1142 Tu
1350 1081 1402 1142 in·

297 1191 383 1246 terea
389 1200 493 1260 parum
503 1189 658 1240 contentus
666 1178 831 1239 necessario
841 1177 904 1252 illc,
913 1179 968 1238 sed
977 1176 1158 1258 pervulgato,
1168 1176 1319 1238 literarum
1328 1193 1402 1248 usu,

298 1271 430 1334 adtulisti
443 1271 482 1331 ad
493 1272 560 1333 lroec
571 1291 683 1352 genera
696 1271 859 1332 stadiorum
871 1289 931 1330 non
950 1268 1042 1348 magis
1063 1273 1265 1330 ornamentum
1277 1267 1402 1348 aliquod

299 1377 332 1426 et
352 1365 534 1444 dignitatem
546 1384 634 1442 quarn
652 1362 769 1424 invidias
789 1361 873 1446 quasi
892 1362 1050 1435 cumulum,
1072 1381 1140 1422 cum
1158 1378 1403 1440 unumquemque

298 1467 442 1543 nostrum,
455 1454 560 1544 qnipd
575 1455 704 1534 singulas
725 1453 896 1516 eruditionis
914 1449 1029 1534 species
1051 1471 1262 1538 comparamur,
1282 1461 1402 1514 mutum

298 1560 411 1614 ιιιιιιιι
423 1546 614 1626 benignitate,
634 1558 666 1606 et
677 1547 829 1608 industriae
847 1546 934 1608 lande
952 1545 1166 1617 antecellueris,
1189 1557 1331 1626 quantum
1344 1563 1403 1606 ιιι·

297 1642 422 1702 tecellas
435 1639 506 1700 loco.
517 1650 548 1700 et
561 1639 740 1700 conditione.
779 1639 827 1698 Ea
840 1638 1049 1700 emanatione
1068 1657 1136 1700 cum
1153 1638 1252 1700 statim
1265 1636 1403 1712 floreres,

297 1731 445 1810 patebans
457 1750 477 1791 a
496 1730 657 1809 republica,
675 1750 734 1790 uon
755 1730 792 1793 ab
812 1751 849 1792 ea
869 1730 963 1792 ornari
983 1732 1117 1812 petebas.
1157 1730 1341 1792 Consecutus
1365 1747 1399 1790 es

299 1823 398 1883 omnia
413 1821 531 1883 honoris
551 1840 588 1882 ac
601 1821 751 1900 dignitatis
769 1823 898 1902 praemia,
918 1833 1006 1902 atque
1027 1843 1064 1884 ea
1076 1821 1192 1903 quidem
1213 1833 1400 1901 retectaque

298 1935 361 1976 non
375 1915 408 1973 in
424 1912 620 1992 adipiscendis
633 1914 798 1986 bonoribus,
812 1915 866 1976 sed
880 1915 911 1974 in
924 1911 1019 1976 animo
1032 1914 1181 1994 fingendo,
1195 1914 1319 1976 sollicita
1331 1931 1399 1974 esse

297 2008 384 2068 solet.
425 2005 606 2086 Legationes
628 2008 735 2068 arduas
755 2020 844 2086 atque
858 2006 1031 2090 longinquas
1047 2027 1102 2088 pro
1121 2009 1271 2088 republica
1290 2007 1399 2078 obiisti,

298 2118 367 2158 cum
381 2099 478 2159 adhuc
491 2110 635 2160 maturum
648 2099 739 2159 videri
751 2113 868 2180 poterat
882 2102 920 2158 de
934 2099 1095 2180 primordiis
1110 2101 1199 2162 civilis
1212 2101 1356 2174 scientioe,
1366 2107 1404 2162 el

296 2175 630 2271 datarumpublicarum
649 2193 816 2271 generibus,
829 2191 955 2251 moribus
970 2205 1000 2252 et
1012 2193 1150 2252 institutis
1165 2191 1329 2254 meditari*

341 2288 439 2352 Quam
451 2285 558 2346 deinde
572 2287 667 2346 atatis
680 2298 794 2366 partem
807 2285 982 2364 transegisti,
996 2293 1046 2346 aut
1058 2283 1192 2346 laudibus
1202 2304 1334 2358 vacuam,
1346 2293 1403 2354 aut

300 2378 430 2440 sterilem
443 2377 606 2438 felicitatel
635 2378 703 2438 Non
716 2379 814 2438 civiles
827 2379 958 2458 rationes¹
966 2377 1059 2456 gloria
1072 2389 1243 2440 caruerunt:
1268 2397 1330 2436 non
1342 2377 1403 2436 do-

298 2468 430 2550 mastica
444 2468 581 2546 gratiaet
593 2467 720 2530 fortuna.
761 2469 828 2530 Tibi
846 2471 924 2530 enim
945 2469 1069 2549 publicis
1090 2470 1163 2530 licet
1180 2481 1210 2532 et
1229 2468 1345 2540 muniis,
1365 2480 1401 2530 et

298 2558 457 2619 honoribus
471 2559 625 2631 innutrito,
645 2562 769 2639 elargita
788 2573 835 2621 est
849 2575 955 2623 natura
975 2581 1077 2621 omnes
1097 2563 1258 2641 elegantias
1277 2559 1402 2642 privatm

299 2651 459 2722 felicitatis,
472 2652 576 2730 quibus
589 2652 743 2714 fruereris:
772 2652 897 2733 elargita
917 2665 961 2713 est
976 2653 1064 2712 etiam
1078 2654 1217 2732 optimam
1231 2664 1323 2715 artem
1335 2652 1402 2713 fru-

298 2744 379 2805 endi.
419 2744 517 2805 Natus
536 2766 648 2807 summo
669 2765 789 2825 genere,
810 2758 935 2823 utroque
956 2752 1077 2823 parente
1098 2744 1278 2815 nobilitatus,
1303 2760 1402 2825 eaque

297 2858 369 2904 usus
381 2839 548 2899 conditione
559 2839 709 2911 nascendi,
718 2848 750 2897 ut
758 2856 819 2897 non
829 2835 999 2912 honoribus,
1008 2854 1081 2913 quos
1091 2834 1275 2907 contulimus,
1281 2848 1402 2911 auctus,

298 2950 400 2992 verum
415 2932 454 2989 ad
467 2949 518 2990 eos
532 2930 769 2989 condecorandos
782 2928 879 2986 sactus
891 2926 1043 2997 videreris,
1055 2945 1163 3005 magna
1180 2946 1248 2986 cunr
1269 2930 1401 2991 omnium

298 3040 363 3099 spe,
376 3039 542 3099 magnaque
562 3019 673 3078 fiducia
691 3020 731 3079 ad
750 3017 959 3095 rempublicam
979 3018 1139 3097 gerendam
1158 3018 1317 3079 accessisti.
1358 3020 1399 3081 Et

298 3130 476 3191 quanquam,
488 3128 556 3188 quas
570 3119 673 3171 natura
686 3120 737 3171 aut
756 3108 874 3171 fortuna
892 3110 1045 3185 darentur,
1059 3110 1090 3169 in
1108 3110 1143 3169 iis
1158 3112 1246 3172 rebus
1261 3111 1306 3173 Te
1318 3111 1400 3173 vinci

300 3222 402 3283 posses
415 3220 499 3281 raquo
513 3200 610 3261 animo
621 3202 692 3280 pati,
707 3213 740 3262 ut
752 3201 829 3260 dixit
841 3201 890 3263 ille
904 3202 1100 3277 Cssssns,si
1114 3213 1212 3263 tamen
1222 3202 1299 3265 vinci
1312 3216 1400 3299 pota·

300 3314 358 3367 ras,
379 3293 451 3355 utile
464 3304 564 3355 tamen
577 3293 633 3353 fuit
645 3294 825 3375 reipublicae,
840 3294 916 3356 sicut
930 3294 997 3356 Tibi
1011 3296 1178 3375 gloriosum,
1192 3306 1237 3356 tot
1250 3296 1332 3376 quasi
1351 3296 1401 3377 pi·

300 3406 392 3467 gnora
415 3385 598 3459 constantias,
618 3386 649 3445 in
667 3406 768 3466 regem
788 3386 868 3459 fidei,
890 3386 921 3445 in
936 3388 1144 3467 rempublicam
1166 3388 1345 3461 meritorum,
1366 3388 1402 3453 in

299 3488 422 3558 utraque
431 3478 565 3559 prosapia
573 3481 725 3553 numerari,
731 3491 941 3561 quotuumerat
950 3476 1231 3545 Csnrsna'ronms
1241 3495 1271 3545 et
1280 3484 1401 3546 Gnsrt-

301 3591 480 3641 vsssosurs
495 3573 608 3632 domus.
640 3572 719 3639 Quid
735 3593 897 3635 memorem
912 3576 1008 3636 Tuum
1022 3596 1165 3637 summum
1178 3578 1398 3659 maximumque

298 3664 440 3725 honorem
448 3664 555 3734 vultus,
568 3663 739 3743 dignitatern
749 3666 815 3737 oris,
825 3678 915 3746 atque
926 3668 1019 3729 aetatis
1028 3680 1164 3749 vegetam
1178 3680 1209 3728 et
1218 3669 1400 3729 indeflexam

299 3754 523 3816 maturitatem?
551 3756 631 3822 Quid
645 3756 751 3817 multas
769 3776 949 3838 magnasque
962 3760 1203 3832 necessitudines,
1218 3762 1396 3824 urbanorum

300 3846 460 3935 officiorum
474 3846 677 3927 frequentiam,
692 3859 723 3907 et
736 3848 920 3928 politissimos
936 3852 965 3909 in
978 3871 1049 3929 agro
1063 3850 1292 3913 rusticationes?
1316 3848 1400 3913 Rara

296 3939 350 4000 illa
362 3950 393 4001 et
406 3938 522 3999 sincera
534 3939 663 4019 undique
675 3938 811 4015 felicitas,
825 3942 983 4022 contigisse
999 3942 1049 4001 uni
1068 3963 1127 4003 non
1141 3944 1232 4023 magis
1244 3944 1275 4002 in
1290 3956 1401 4007 senatu

217 4082 230 4099 ,
299 4032 507 4115 eloquentiam,
519 4031 691 4110 gravitatem
702 4031 732 4090 in
746 4033 884 4105 conciliis,
899 4034 928 4091 in
943 4035 1030 4094 rebus
1044 4036 1165 4115 agendis
1179 4034 1397 4117 experientiam,

300 4124 431 4206 quentin
453 4124 535 4184 aditu
549 4122 731 4197 facilitatem,
745 4122 920 4204 elegantiam
938 4125 968 4183 in
989 4126 1200 4207 congressibus,
1219 4128 1249 4187 in
1262 4147 1397 4189 sermone

297 4216 439 4297 leporem,
460 4216 668 4277 humanitatem
689 4214 718 4273 in
739 4215 881 4288 amicitiis,
902 4216 1059 4279 maximam
1081 4218 1206 4299 denique
1228 4218 1397 4299 dignitatem

298 4309 425 4381 maxima
444 4308 582 4368 comitate
602 4306 819 4385 temperatam?
853 4306 993 4371 Novimus
1015 4308 1060 4371 Te
1081 4312 1145 4390 pari
1164 4313 1330 4372 constantia
1347 4332 1396 4373 res

297 4400 390 4459 serias
404 4402 602 4481 maximasque
615 4409 753 4470 tractare,
769 4410 860 4479 atque
874 4400 927 4461 has
940 4415 1052 4463 nostras
1066 4404 1229 4483 elegantia:
1254 4404 1400 4465 animum·

299 4509 358 4569 que
372 4488 469 4550 Tuum
483 4511 521 4552 ea
530 4491 681 4552 celeritate
694 4488 761 4551 hinc
772 4490 840 4551 inde
849 4493 956 4569 delabi,
968 4508 1000 4554 ut
1010 4494 1125 4557 difficile
1136 4508 1212 4556 esset
1224 4496 1400 4573 dijudicare,¹
