3150 5125
283 396 362 456 clxiv
622 378 787 453 nmsxn
813 387 1042 450 PRAEFATIO

287 550 443 611 Habemus
456 548 514 609 boe
525 547 558 607 io
570 546 653 607 tinulo
667 543 1084 624 breve-argumentum‘ipsius
1099 539 1205 621 operis.
1225 537 1231 546 '
1247 535 1392 621 Explio‘sc·

263 675 269 692 ι
286 642 396 702 tionem
415 641 490 700 tituli
508 638 832 717 debuntinsequentia.
874 636 978 696 Partes
1002 635 1097 715 operis
1117 631 1266 712 sigillatim
1287 652 1391 712 perse-

289 753 420 813 quamur.
458 731 592 807 ¹Titulum
612 731 724 810 excipit
743 728 890 790 dedicatio
909 729 948 790 sd
972 727 1132 787 Henrioum
1151 725 1390 806 Recklingerum

290 830 322 886 e't
334 815 575 905 Christophornm
588 823 789 903 Peitingerum
801 821 977 882 Duumsiros
990 831 1021 882 et
1040 818 1079 879 ad
1089 819 1233 878 Consules
1247 837 1284 877 ac
1299 818 1389 878 Sene-

220 967 223 975 .
291 926 355 978 tum
374 918 492 998 inclyte
512 919 696 996 Augusteum
717 916 843 995 reipubl.
895 915 921 974 Ε
943 933 1003 993 qua
1023 916 1105 992 jorot
1126 913 1192 972 hoec
1217 931 1388 990 excerpere:

291 1009 459 1089 Fuggerum
471 1010 602 1089 appellnt
614 1020 768 1090 patronum
781 1003 867 1084 hujus
886 1007 994 1086 operis,
1009 1006 1042 1064 in
1051 1008 1133 1084 cujus
1147 1003 1178 1063 id
1192 1003 1308 1063 nomine
1324 1009 1396 1080 jam*

291 1104 410 1162 tertium
431 1104 574 1183 apparuit.
587 1131 628 1145 -
641 1101 753 1161 Prorhit
774 1099 989 1160 Demosthenes
1010 1099 1110 1173 (modo
1134 1113 1229 1175 operte
1250 1105 1387 1174 typogra-¹

291 1194 389 1275 phion
407 1215 467 1255 uon
485 1196 524 1255 de
544 1195 659 1274 integro
672 1193 863 1254 deformarint
875 1212 920 1263 ea,
936 1211 1003 1273 quse
1016 1210 1073 1269 ego
1087 1207 1200 1256 summo
1213 1181 1326 1256 labore,
1338 1205 1389 1246 ex-

254 1333 257 1338 .
273 1286 486 1367 'polirilnnge
499 1307 519 1348 s
530 1289 620 1368 praelo
632 1288 745 1358 absum,
758 1296 790 1346 et
802 1285 958 1346 alias'nlios
972 1283 1091 1345 codices
1112 1281 1287 1358 chartasque
1301 1289 1387 1358 typo·
1415 1291 1421 1299 ·

293 1380 502 1458 graphomisi)
510 1381 558 1441 hic
571 1382 659 1459 igitur
671 1379 801 1459 inquom,
811 1379 890 1457 quod
903 1377 1020 1457 quidem
1033 1376 1063 1434 in
1077 1393 1123 1434 me
1137 1373 1199 1444 fuit,
1209 1389 1242 1432 se
1255 1381 1388 1450 spectro·-

294 1469 366 1532 dum
377 1472 601 1543 Demosthenes,
612 1492 680 1534 cum
691 1491 751 1532 non
764 1470 981 1532 contemnendo
994 1468 1131 1530 comitatu
1145 1465 1259 1546 prebet

309 1567 314 1576 ’
458 1590 461 1597 ·
547 1576 781 1641 impositionem
792 1575 1139 1637 esuriisniditusqoejoventa.
1172 1581 1179 1590 ·

229 1728 232 1733 .
296 1666 358 1726 seu
370 1667 409 1726 ad
422 1685 551 1746 graecum
571 1668 753 1744 archetypon
766 1661 955 1728 redeo-rinc
974 1665 1126 1741 φιλέλλησι
1144 1678 1240 1737 spero.
1275 1656 1389 1737 Scripta

243 1747 246 1757 ’
294 1757 359 1816 hoeo
369 1760 416 1818 'est
430 1759 579 1817 dedicatio
592 1758 693 1816 Idibus
703 1753 844 1832 Augusti,
855 1753 946 1812 natali
956 1771 1032 1813 meo.
1044 1753 1130 1812 Anno
1145 1753 1183 1811 R.
1194 1753 1225 1812 S.
1238 1755 1326 1816 1570.
1339 1771 1389 1810 eo-

194 1880 198 1887 .
294 1850 364 1909 dem
378 1851 536 1928 igiturque
546 1850 678 1910 Psrisina
689 1847 808 1927 prodiit.
837 1847 920 1925 Ergo
930 1849 991 1924 jem
1005 1855 1068 1905 tum
1080 1847 1213 1907 absoluta
1222 1847 1313 1925 prasio
1327 1855 1389 1906 erat
1415 1865 1418 1872 *

294 1941 456 2002 beneditio
470 1943 599 2003 secunda
612 1941 712 2000 Woifii
723 1940 922 2020 grsecolatina,
937 1959 989 2000 seu
1002 1951 1106 2018 quarta
1116 1940 1272 2012 Wolliana,
1284 1951 1317 2000 ut
1326 1941 1389 2020 ips'e

214 2089 219 2100 ‚
295 2033 453 2094 Wolfeam
468 2034 607 2114 appellat.
645 2033 706 2093 Sed
719 2043 900 2112 supererant,
916 2042 949 2092 ut
961 2034 1101 2113 suspicor,
1111 2033 1212 2093 adhuc
1225 2033 1389 2113 supplendo

295 2126 431 2204 quaedem
444 2146 480 2186 ex
495 2125 623 2186 editione
637 2125 777 2197 Parisino,
792 2144 858 2203 qnae
870 2143 916 2184 res
931 2125 1144 2203 evulgationem
1158 2125 1189 2184 in
1202 2125 1325 2186 alterum
1338 2143 1389 2183 an-

296 2231 366 2278 num
377 2219 514 2281 extraxit.
528 2238 587 2298 que
596 2219 635 2279 de
644 2238 678 2278 re
687 2229 754 2299 post
764 2217 905 2297 pluribus.
927 2218 998 2297 lpse
1009 2218 1095 2277 Wolf
1104 2217 1256 2296 aliquoties
1268 2227 1391 2276 testatur

295 2314 694 2391 remmlssshsrquartae
704 2311 912 2391 recognitionis
920 2307 1119 2373 annotationes
1128 2311 1341 2391 conscripsisse.
1350 2313 1390 2384 (ν’.

297 2417 428 2466 cunctat.
441 2408 480 2466 ad
493 2427 522 2485 p.
533 2405 665 2468 tsn'ubi
688 2406 730 2465 ait
751 2424 787 2465 eo
802 2406 917 2466 demum
933 2425 1010 2466 anno
1027 2425 1129 2466 secum
1148 2405 1213 2481 ess'e
1232 2407 1390 2466 communi·

162 2517 167 2522 ·
203 2546 205 2549 .
297 2505 394 2555 cetam
408 2497 543 2556 Aldinsm
563 2496 965 2558 aTheobaldoTheodorico
987 2499 1203 2577 Argentinensi,
1221 2497 1390 2558 sedPsrisi'·

296 2606 374 2659 uam,
395 2607 481 2668 quem
499 2585 634 2670 Oporino
656 2590 791 2659 misisset,
816 2608 991 2669 recuperare
1015 2610 1074 2649 non
1095 2591 1231 2671 potuisse.
1273 2590 1389 2668 Ergone

299 2680 429 2742 Parisios
441 2701 559 2764 quoque
571 2689 723 2761 jam'aooo
735 2686 823 2745 1569.
838 2682 966 2762 prodiit?
998 2682 1165 2761 Sequuntur
1178 2682 1391 2744 dedicationem

297 2776 431 2836 seminudi
452 2776 537 2857 gneci
557 2776 696 2857 latinique
720 2775 821 2835 Wolfii
845 2775 882 2835 ad
903 2794 965 2835 rem
985 2770 1203 2848 niliacientes3
1229 2787 1290 2834 tum
1302 2774 1391 2839 'testi-

297 2869 395 2929 monia
413 2857 451 2928 de
466 2870 666 2929 Demosthene
680 2877 811 2927 veterum
832 2886 993 2945 graecorum
1011 2867 1234 2948 latinorumque,
1255 2867 1303 2926 ills
1322 2886 1390 2925 cum

295 2958 387 3019 latins
400 2960 499 3020 Wolfii
519 2959 772 3039 interpretatione;
793 2968 855 3017 tum
880 2970 1022 3039 excerpta
1045 2980 1085 3019 ex
1109 2960 1232 3039 epistola
1256 2957 1390 3019 Matthias

279 3049 449 3122 ·Sohenlrii‚
459 3053 637 3129 Augustnnre
651 3050 761 3111 scholae
770 3050 882 3109 Annem
895 3052 1025 3131 magistri
1035 3052 1159 3132 primarii
1169 3053 1209 3112 ad
1217 3053 1391 3131 Hieronym.

299 3140 439 3199 Wollium
454 3139 639 3201 lasanmrii
651 3145 740 3206 1571.
750 3142 867 3221 scripte,
883 3163 941 3221 qua
951 3144 978 3203 ei
991 3146 1121 3205 laborem
1133 3144 1390 3205 Demosthenicum

298 3232 479 3292 exantlatum
501 3232 683 3309 gratulatum
702 3232 772 3298 iude
793 3254 911 3295 carmen
934 3236 1156 3299 Pauli'Melissi
1177 3234 1282 3297 Franci
1304 3253 1391 3315 super

298 3326 402 3385 eadem
414 3345 458 3385 re.
499 3326 576 3384 Tum
589 3327 679 3385 series
692 3326 789 3406 operis
804 3329 1024 3389 Demosthenici
1037 3330 1067 3389 in
1078 3336 1109 3393 6.
1122 3342 1217 3391 tomos
1236 3328 1389 3399 distributi,

300 3436 422 3498 quornm
436 3430 560 3498 quatuor
581 3418 691 3498 priores
710 3440 802 3500 opera
821 3422 1027 3483 Demosthenis
1049 3435 1080 3483 et
1094 3423 1241 3483 AEschiois
1262 3423 1391 3502 comple·

222 3553 225 3569 .
299 3522 427 3580 ctnntur,
441 3511 560 3595 quintus¹
573 3511 692 3591 Ulpiani
709 3514 942 3586 commentarios,
964 3536 1030 3575 cum
1045 3515 1278 3577 annotationibus
1292 3516 1392 3589 Wolfii

298 3604 480 3693 ndeosdem,
495 3604 677 3665 accessiones
696 3605 736 3665 ad
751 3606 908 3686 Ulpianum
930 3628 967 3668 ex
987 3608 1115 3669 editione
1129 3605 1392 3681 ParisiirnDemo-

300 3696 410 3757 athenis
420 3696 480 3755 vita
493 3696 651 3767 eLibnnio,
660 3697 829 3771 Plutarcho,
839 3700 974 3761 Lucisno
987 3713 1018 3760 et
1027 3702 1127 3761 Suida.
1149 3702 1294 3761 AEschinis
1303 3702 1361 3761 rita
1374 3720 1392 3760 e
1440 3756 1449 3764 .

300 3788 469 3861 Plutarcho,
478 3798 508 3848 et
521 3790 578 3849 siis
587 3790 700 3849 incerto
712 3796 839 3865 auctore,
852 3794 1001 3873 Apollonii
1015 3795 1044 3853 in
1056 3794 1224 3855 AEschinem
1238 3795 1392 3864 enarratio,
1473 3792 1477 3809 ⁸

300 3880 447 3941 AEschinis
466 3881 527 3941 vita
544 3902 562 3941 e
577 3881 678 3953 Suida,
693 3882 793 3942 Wolfii
812 3888 1014 3947 annotationes
1036 3888 1066 3945 in
1085 3886 1149 3947 illas
1166 3888 1252 3947 vitas.
1270 3887 1392 3946 tandem

298 3974 416 4052 farrago
437 3967 656 4035 annotationum
678 3974 864 4047 Renberaoa,
884 3981 920 4039 de
939 4000 998 4059 que
1010 4002 1098 4061 supra
1112 3981 1245 4052 diximus,
1266 4002 1332 4041 cum
1354 3982 1392 4042 de

300 4066 496 4146 Herwagiana
516 4068 610 4148 prims
631 4068 804 4129 diceremus.
847 4071 939 4131 Sexto
953 4074 1079 4153 denique
1101 4086 1183 4135 torno
1203 4076 1267 4134 haec
1285 4074 1393 4135 insunt.

299 4158 429 4219 Primum
443 4172 537 4221 totum
551 4161 701 4241 specimen
714 4161 922 4223 Demosthenis
945 4166 1097 4244 recogniti,
1110 4168 1148 4226 de
1162 4188 1220 4245 quo
1233 4178 1302 4227 ante
1314 4168 1393 4227 dice·

299 4252 403 4312 hamus
417 4254 453 4311 A.
466 4258 553 4315 1569.
568 4253 726 4340 proditum,
740 4252 789 4311 hic
810 4253 955 4329 iteratum,
970 4278 1007 4317 ne
1027 4260 1112 4319 litera
1126 4262 1243 4339 quidem
1262 4244 1392 4331 mutatag

299 4344 408 4405 deinde
428 4355 571 4407 annotatt.
591 4345 692 4405 Wolfii
712 4346 750 4403 ad
771 4364 872 4407 omnes
893 4350 1099 4413 Demosthenis
1120 4366 1150 4414 et
1164 4354 1307 4415 AEschinis
1328 4373 1393 4415 ors·

297 4437 402 4498 tiones.
416 4450 481 4518 post
497 4440 586 4499 varias
604 4440 744 4499 lectiones
768 4438 858 4500 totius
882 4445 1216 4522 operisDemorthenici
1237 4461 1398 4537 equatuor

126 4551 138 4561 ‚
240 4618 246 4629 Ι
299 4528 423 4591 diversis
436 4531 585 4595 codicibus
599 4531 740 4593 collecte·
762 4531 836 4593 Sunt
850 4534 891 4595 illi
901 4548 1025 4616 quatuor
1038 4538 1156 4599 codices
1172 4538 1262 4601 editio
1273 4540 1391 4616 Aldina,
1418 4606 1424 4611 ,
