3150 5125
291 401 352 462 ebs
640 399 806 463 RElSKll
828 399 1051 466 Permaneto

292 556 388 636 copia,
400 575 471 616 nurn
483 555 513 616 in
523 556 582 616 'auis
593 557 734 637 exemplis
742 577 822 639 poue
834 577 864 637 p.
872 561 943 620 682.
957 555 1029 616 illud
1043 553 1414 636 argrrmeatumhsbearrt.

292 663 361 708 tneo
373 649 491 728 quidem
505 650 600 721 deest,
619 649 721 718 nescio
742 650 902 729 bibliopegi
923 649 1020 728 culpe,
1043 667 1081 708 an
1101 647 1190 727 ipsius
1210 645 1411 727 typographi.
1530 668 1535 685 ·

295 741 397 800 Finem
411 740 537 821 denique
549 741 621 802 facit
637 743 726 820 hujus
744 742 880 802 editionis
893 742 1011 820 farrago
1025 740 1160 820 quaedam
1174 740 1409 800 annotationum
1529 714 1538 751 ⁶

295 851 313 892 e
326 833 430 892 Budrai
442 834 570 895 maxime
590 833 883 894 commentationibus
896 835 936 894 de
950 834 1034 910 Asse,
1048 843 1080 892 et
1091 833 1121 892 iu
1133 831 1313 902 Pandantes,
1327 851 1409 892 enu-

293 937 370 997 sats,
385 927 482 986 studio
501 927 653 1002 crrjmdam
664 927 787 998 Ruberi,
797 927 836 988 de
846 947 904 1006 quo
918 927 984 986 brec
996 924 1137 1006 predicte
1148 926 1275 984 loannes
1290 924 1405 1004 Opori-
1537 955 1538 958 ¹

294 1039 351 1080 nus
372 1021 402 1080 in
421 1019 619 1080 admonitione
636 1018 674 1079 ad
687 1019 824 1089 lectores,
838 1039 906 1098 quse
926 1017 1058 1078 ultimam
1077 1015 1173 1096 operis
1192 1016 1332 1096 paginam
1344 1017 1404 1075 irn-
1532 959 1539 1124 i

295 1113 380 1193 plot:
413 1113 532 1174 Utinam
545 1111 614 1173 satis
625 1114 767 1172 Iacobum
781 1113 943 1183 Ruberum,
965 1109 1054 1172 divini
1073 1110 1182 1190 ingenii
1199 1112 1351 1188 juvenem,
1365 1120 1402 1170 et

297 1206 329 1265 in
339 1202 519 1286 inquirendis
531 1205 770 1285 excudendisque
782 1205 814 1264 id
825 1223 918 1284 genus
932 1215 1065 1264 autorum
1078 1203 1149 1264 lonis
1162 1203 1237 1262 mire
1252 1203 1400 1274 sedulum,

296 1297 460 1358 nutrivere
479 1297 600 1375 dubus,
619 1309 672 1358 ant
685 1299 818 1370 meliore,
832 1298 903 1358 dum
916 1297 997 1370 vixit,
1011 1297 1071 1357 otio
1084 1297 1153 1368 frui,
1163 1295 1259 1356 risum
1272 1295 1399 1354 fuissem

296 1391 346 1469 qui
359 1391 393 1462 si,
408 1390 488 1469 quod
502 1400 632 1469 ceperat,
652 1390 817 1468 perducere
831 1390 870 1451 ad
884 1389 1053 1450 umbilicum
1074 1388 1225 1469 potuisset,
1240 1387 1331 1448 aliurn
1343 1405 1397 1448 nos

297 1482 366 1542 olim
381 1481 612 1542 Demosthenem
632 1491 665 1542 et
684 1482 903 1542 observationes
919 1483 950 1540 in
969 1501 1036 1541 eum
1057 1481 1251 1542 absolutiores
1264 1513 1305 1527 -
1315 1475 1397 1540 h'sbi·

296 1585 379 1635 turos
391 1574 482 1635 fuisse
501 1574 572 1634 eatis
592 1573 776 1652 exploratum
796 1575 901 1634 habeo.
915 1573 1157 1652 -Farraginem
1175 1572 1257 1632 illam
1276 1583 1396 1632 munta·

239 1708 252 1736 ,
296 1667 419 1736 tionum,
439 1685 492 1725 seu
512 1665 755 1744 compilationem,
775 1667 802 1726 si
822 1667 923 1738 maris,
937 1667 982 1726 lo.
1003 1668 1135 1747 Oporino
1154 1665 1256 1724 tribuit
1276 1657 1400 1725 Morbni

298 1756 405 1836 Polyb.
416 1757 455 1816 Τ.
465 1759 491 1816 Ι.
504 1777 534 1835 p.
543 1761 613 1817 962.
656 1757 784 1836 Farrago
797 1759 863 1818 hoec
877 1759 1095 1819 annotationum
1108 1757 1195 1818 etiam
1207 1755 1239 1816 iu
1249 1755 1397 1817 Wolfiana

297 1847 426 1908 editione
438 1859 556 1908 serrata
568 1859 623 1909 est.
664 1850 784 1930 Deque
798 1851 868 1928 quid
882 1849 1066 1910 statuendum
1087 1849 1134 1921 ait,
1155 1868 1251 1927 neque
1269 1848 1334 1928 ipse
1352 1849 1395 1908 in·

297 1939 411 2021 quisivi,
424 1959 521 2020 neque
535 1940 601 2000 nori
612 1942 663 2021 qui
673 1941 748 2002 alius
760 1942 905 2002 statuerit.
947 1941 1054 2001 Obiter
1066 1940 1249 2020 perlustranti
1263 1941 1397 2001 videaurr

297 2031 342 2092 sic
361 2032 433 2092 setis
451 2032 539 2092 utiles
558 2031 637 2092 lectu
653 2043 686 2091 et
704 2031 801 2091 adhuc
822 2051 898 2100 esse,
917 2041 947 2092 et
968 2040 1030 2090 tum
1049 2030 1190 2111 temporis
1201 2031 1292 2092 etiem
1304 2031 1396 2111 magia

297 2122 399 2184 fuisse.
441 2122 489 2183 De
503 2122 615 2182 Iacobo
627 2121 679 2182 illo
692 2122 832 2182 Reubero
845 2122 917 2182 nihil
930 2121 1000 2182 mihi
1014 2132 1139 2183 constat.
1179 2123 1397 2184 Annotationer

297 2214 357 2274 illas
368 2214 447 2274 ultra
464 2214 627 2274 orationem
645 2213 760 2273 tertiam
776 2213 808 2272 in
822 2200 982 2294 Aphoburn
1002 2233 1062 2275 non
1081 2215 1255 2293 procedunt.
1298 2218 1396 2282 Quare

298 2319 397 2369 autem
408 2309 555 2387 Oporiuna
564 2306 623 2366 hoc
632 2305 787 2366 defunctus
800 2306 839 2368 sit
850 2307 935 2386 quasi
947 2307 1102 2386 perorandi
1116 2305 1219 2379 officio,
1228 2308 1304 2367 ratio
1317 2307 1396 2368 reddi

298 2419 359 2460 non
372 2411 480 2477 potest,
495 2398 587 2458 nisisi
600 2409 771 2470 statuamus,
783 2399 817 2458 id
830 2401 910 2478 quod
924 2409 1153 2461 consentaneum
1167 2411 1223 2473 est,
1234 2402 1396 2481 Oporinnm

299 2491 330 2550 in
343 2491 456 2551 officina
467 2490 662 2570 llerwngiaua
675 2493 849 2552 correctorie
862 2504 961 2573 partes
975 2493 1088 2574 egisse3
1109 2513 1196 2574 equo
1209 2494 1298 2554 etiam
1310 2495 1395 2555 facile

299 2582 362 2655 fiat,
374 2594 409 2643 nt
420 2584 562 2664 profectis
575 2583 634 2643 sint
646 2582 704 2642 illu
717 2583 825 2664 passim
847 2594 1032 2645 occurrentes
1049 2586 1184 2646 meliores
1201 2586 1345 2647 lectiones
1357 2587 1396 2646 ibi

299 2676 440 2748 locorum,
460 2676 509 2736 nbi
522 2676 589 2736 hren
603 2676 801 2755 llerrragiaua
822 2677 912 2737 editio
933 2678 971 2737 ab
989 2676 1096 2737 Aldina
1116 2677 1251 2739 discedit.
1292 2678 1396 2739 Laude

299 2770 435 2851 equidem
445 2770 568 2829 istorum
579 2778 740 2848 temporum
753 2769 936 2841 modestiam,
948 2788 1013 2829 cum
1026 2768 1066 2829 ad
1078 2770 1162 2846 hujus
1175 2770 1276 2831 seculi
1284 2775 1397 2845 jactare

298 2862 369 2923 tiam
386 2872 500 2943 specto.
541 2862 643 2941 Turpe
655 2872 718 2920 tum
733 2861 908 2937 judicabant
920 2862 972 2921 riri
987 2862 1066 2923 docti
1084 2862 1116 2921 in
1136 2864 1396 2925 emendatiunculis

298 2956 472 3032 quibusdam
485 2952 644 3013 trivialibus
656 2953 815 3023 exsultare,
829 2954 909 3031 quod
922 2954 1009 3015 hodie
1023 2955 1243 3017 multifaciant.
1282 2956 1396 3017 Suadet

297 3055 396 3103 tamen
410 3043 574 3123 prudentie,
589 3044 647 3102 suia
659 3062 785 3121 qumque
805 3048 971 3109 auctoribus
992 3049 1089 3121 tribui,
1102 3070 1141 3109 ne
1153 3051 1260 3129 posteri
1284 3063 1394 3123 errent,

297 3152 394 3212 neque
407 3134 549 3204 nesciam,
563 3134 641 3193 unde
653 3134 741 3194 lectio
755 3156 880 3216 quasque
893 3140 1087 3218 prolectant,
1101 3162 1171 3202 uum
1186 3162 1204 3203 e
1216 3143 1297 3201 libris
1310 3146 1396 3205 boum

296 3238 383 3297 notre,
393 3246 433 3285 an
446 3245 483 3285 es
493 3225 610 3304 ingenio
623 3226 675 3285 viri
686 3227 775 3299 docti,
788 3240 820 3289 et
832 3236 925 3307 cujus,
936 3251 994 3310 quo
1007 3232 1046 3293 de
1064 3234 1238 3295 anctoritate
1252 3242 1393 3315 cujusque

297 3318 430 3377 lectionis
443 3329 524 3378 corto
538 3319 730 3397 pronunciare
742 3322 865 3400 possint,
876 3324 1038 3403 sciantque,
1050 3327 1223 3404 quibuscum
1237 3329 1291 3387 sibi
1305 3335 1395 3408 nego·

276 3468 281 3475 ,
297 3411 369 3470 tium
381 3410 428 3482 ait,
438 3422 470 3469 et
483 3430 556 3490 quoa
569 3422 620 3471 aut
633 3412 753 3473 laudare
767 3426 818 3475 aut
831 3426 934 3475 notare
945 3416 1082 3478 debeant.
1125 3419 1186 3481 Sed
1206 3421 1271 3481 bec
1290 3423 1395 3487 obiter.

299 3502 406 3563 Eidem
427 3504 681 3582 Oporinotribuo
702 3505 789 3566 aliern
813 3506 1049 3580 admonitionem,
1075 3528 1142 3589 quse
1164 3511 1236 3571 item
1258 3514 1289 3573 in
1308 3514 1395 3575 ealce

299 3594 505 3674 Hemagianae
524 3594 639 3674 legitur,
663 3607 695 3657 et
717 3598 783 3656 buo
803 3610 868 3659 est:
900 3598 1056 3659 Hactenus
1080 3601 1212 3663 collectis
1230 3603 1262 3664 in
1282 3604 1394 3665 Demo·

297 3685 432 3746 sthenem
451 3688 685 3749 annotationibus
698 3699 838 3770 quantum
853 3691 882 3750 in
895 3710 1025 3771 presens
1043 3692 1132 3765 licuit,
1146 3706 1229 3755 utere
1241 3707 1274 3756 et
1284 3697 1394 3758 fruere.

296 3798 365 3839 nam
378 3780 552 3853 etaliarum,
570 3803 638 3861 quia
658 3783 688 3843 in
710 3784 837 3863 reliquas
862 3786 1007 3847 orationes
1030 3788 1186 3866 pertinent,
1211 3790 1393 3851 edendarum

296 3873 484 3941 occmionem
502 3874 587 3934 uobis
599 3875 663 3934 fore
676 3876 845 3956 propediem
859 3878 971 3956 superis
992 3880 1069 3939 bene
1091 3880 1305 3943 fortunantibus
1327 3902 1395 3963 rpe-

297 3984 405 4037 ramus,
428 3984 488 4025 una
509 3984 577 4026 curn
600 3968 844 4045 Harpocrationis
866 3969 975 4041 lexico,
1000 3982 1032 4031 et
1058 3971 1190 4033 locorum
1212 3974 1396 4052 quorundam

296 4058 375 4119 saria
397 4056 523 4119 lectione
544 4060 583 4119 sd
599 4060 783 4120 venutimimi
806 4062 979 4140 exemplaria
1003 4062 1189 4124 collationem
1209 4084 1228 4125 a
1250 4066 1290 4125 D.
1305 4067 1396 4127 Petro
1465 4064 1470 4070 ’

298 4151 428 4211 Danesio
442 4152 484 4210 lo.
500 4151 672 4231 Spbyractis
684 4150 827 4211 industria
846 4152 929 4213 nobis
947 4166 978 4215 et
989 4154 1154 4234 impetrate,
1169 4167 1208 4228 et,
1230 4176 1395 4237 quanquam

297 4240 329 4301 id
340 4244 460 4320 quidem
480 4245 584 4313 serius,
599 4255 728 4302 extrema
740 4243 849 4322 quippe
861 4263 948 4305 manu
963 4251 1025 4321 jam
1041 4248 1175 4327 imposita
1195 4250 1286 4329 operi,
1301 4263 1397 4311 trans-

297 4334 394 4395 ruisaa.
405 4369 446 4383 υ-
459 4339 556 4403 Quarn
575 4336 625 4396 bic
645 4356 726 4415 spem
745 4335 817 4397 facit
835 4357 887 4398 sen
910 4338 1094 4420 llerrragius,
1110 4363 1164 4405 seu
1180 4344 1341 4426 Oporinud,
1356 4346 1397 4409 de

295 4442 380 4496 nora,
395 4426 595 4487 emendatiore
612 4438 643 4487 et
663 4427 847 4488 instructiore
863 4429 1068 4493 Demosthenis
1089 4434 1231 4508 editione,
1254 4456 1291 4497 ea
1310 4438 1397 4501 exite
1528 4450 1531 4480 ³

296 4517 409 4585 caruit;
428 4538 524 4594 neque
538 4518 566 4577 in
580 4520 687 4597 lucem,
702 4520 783 4599 quod
801 4520 903 4591 aciem,
919 4523 1027 4601 prodiit
1045 4525 1093 4585 hic
1111 4528 1253 4605 promissa
1275 4530 1397 4593 collatio
