3150 5125
497 479 499 485 ,
523 412 594 475 AD'
608 412 960 477 bemasmerim.
1182 418 1294 481 clmv

193 568 261 642 rnrhi
275 566 403 639 videtur,=
414 568 459 628 Χ.
470 580 522 629 aut
542 569 597 631 111.
618 570 709 631 literis
726 570 895 649 majoribus,
914 568 995 631 lectu
1013 569 1169 643 facillimis,
1180 571 1294 652 perspi-

192 663 262 733 cuis,
277 662 459 742 planissimis,
472 683 531 725 non
545 665 642 727 multis
656 666 876 730 abbreviatoris.
920 664 1073 725 simillima
1090 673 1135 725 est
1146 664 1291 743 scriptura

189 752 276 829 hujus
297 754 407 816 codicis
433 758 600 837 Augustani
628 758 914 839 scripturecodicis
938 757 1026 830 illius,
1039 758 1139 834 ‘eujus
1159 768 1289 836 ectypon

188 845 239 905 seri
258 846 380 907 inrisum
401 848 553 911 exhibetur
569 871 599 930 p.
613 850 667 909 VI.
689 850 826 929 Catalogi
846 862 987 911 mstomm
1006 848 1203 910 Bibliothecae
1225 849 1286 909 Vs·

189 946 271 998 netse'
289 940 327 999 D.
352 940 459 1015 Marci,
484 963 515 1003 n.
535 942 648 1004 XCIV.
676 943 748 1003 item
769 944 920 1021 s'crlptnrm
944 942 1057 1003 codicis
1076 940 1195 1002 Nicetm
1216 940 1291 1001 Chi·

188 1031 369 1110 turgidorum
391 1034 535 1108 Medicei,
557 1036 637 1095 unde
652 1035 797 1095 Antonius
818 1035 966 1096 Cocchius
986 1033 1135 1114 specimen
1151 1031 1204 1091 eri
1216 1032 1290 1091 inci·

184 1140 253 1183 sum
272 1124 405 1187 exhibuit
425 1128 457 1187 in
474 1126 572 1189 fronte
595 1126 835 1205 chirurgicorum
852 1136 1025 1204 grecorum,
1044 1141 1163 1205 prorsus
1182 1124 1288 1185 eadem
1375 1168 1382 1178 .

186 1214 281 1275 forma
294 1228 326 1277 et
339 1218 512 1297 magnitudo
524 1219 684 1289 literarum,
699 1228 786 1296 atque
800 1216 831 1276 in
844 1217 972 1287 Niceta;
997 1216 1068 1277 item
1081 1216 1289 1296 specimim'bus'

186 1324 226 1371 ex
235 1320 297 1368 vers
310 1310 417 1372 cmlsto
430 1312 577 1390 expressis
593 1310 729 1389 Catalogi
750 1320 890 1369 mstorum
903 1327 1067 1387 grecorum
1081 1308 1288 1369 Medioeorum

186 1416 206 1457 a
219 1398 364 1461 Bendinio
378 1402 461 1475 editi,
479 1402 565 1463 Tomi
579 1402 664 1481 primi
677 1401 785 1461 tabule
799 1400 895 1461 terties
908 1419 988 1461 num.
1003 1404 1033 1461 2.
1048 1400 1157 1461 tabulas
1174 1412 1289 1479 quarte

182 1509 217 1561 n.
231 1496 260 1551 2.
275 1493 385 1553 tabulas
397 1505 488 1555 sextae
500 1515 531 1556 n.
540 1500 569 1557 5.
584 1504 616 1554 ut
630 1494 688 1553 alia
700 1503 812 1553 taceam
825 1491 930 1553 similia
943 1492 1104 1571 specimina
1117 1511 1156 1553 ex
1168 1512 1227 1553 rere
1239 1510 1290 1558 ex·

185 1599 294 1659 presse,
310 1602 377 1660 que
391 1583 458 1643 olim
472 1584 628 1664 aliquando
644 1584 703 1643 vidi
716 1583 834 1663 passim,
847 1582 924 1643 utin
942 1583 1149 1661 Evangelierio
1161 1582 1288 1662 quadru-

183 1672 256 1750 plici
274 1673 439 1736 Blanchiui.
481 1676 620 1735 Continet
634 1693 720 1752 pene
734 1685 829 1732 totum
843 1672 1075 1733 Demosthenem
1089 1673 1286 1735 etnsseioau
1368 1689 1375 1703 '

184 1763 254 1823 olim
267 1764 392 1823 tenuerit
401 1765 506 1836 omnia,
519 1774 679 1843 antequam
691 1763 880 1823 mutilaretur.
903 1762 1082 1843 compactus
1095 1774 1143 1823 est
1154 1782 1173 1822 a
1184 1764 1286 1825 biblio-

181 1870 262 1934 pego
276 1855 452 1939 germanico,
463 1866 556 1917 tectus
570 1854 651 1915 corio
664 1853 760 1926 suillo,
774 1871 834 1915 nou
844 1854 874 1913 in
887 1844 1078 1935 greciaipsa,
1093 1854 1149 1915 sed
1162 1857 1283 1929 seculo,
1301 1852 1305 1859 ’

185 1958 217 2007 ut
230 1946 354 2017 videtur,
370 1946 485 2008 decimo
505 1958 592 2009 sexto
606 1947 734 2006 demum.
747 1944 779 2004 id
792 1945 872 2023 quod
885 1956 968 2025 patet
980 1965 999 2006 e
1011 1946 1183 2022 trajectione
1195 1947 1284 2009 solio·

183 2058 246 2119 mm
260 2038 454 2117 quorundum.
495 2039 614 2100 Desunt
627 2038 668 2097 illi
682 2059 712 2118 p.
726 2041 777 2099 92.
791 2036 917 2117 epistola
930 2037 1069 2118 Philippi,
1083 2042 1155 2101 621.
1172 2039 1204 2099 in
1217 2040 1285 2101 Ste-

182 2132 310 2212 phanum
323 2131 469 2192 orationes
483 2132 560 2192 duae.
573 2134 645 2193 638.
665 2148 707 2187 or.
721 2129 751 2187 in
765 2128 915 2207 Evergum
933 2139 965 2187 et
981 2129 1197 2191 Mnesibulum.
1211 2134 1285 2196 678.

182 2242 225 2283 or.
238 2223 268 2282 in
280 2223 455 2303 Cullippum.
469 2225 541 2288 716.
557 2242 599 2283 or.
615 2221 647 2281 in
660 2220 807 2279 Neaemm.
819 2222 892 2285 745.
907 2218 997 2279 oratio
1010 2220 1152 2282 funebris.
1165 2224 1235 2286 750.
1250 2223 1286 2283 li.

180 2314 278 2375 bellus
292 2314 459 2375 ematon'us.
480 2317 552 2380 758.
573 2310 725 2392 prooemia,
746 2321 777 2369 et
797 2310 926 2390 denique
945 2314 1016 2377 777.
1037 2310 1178 2392 epistolae.
1198 2313 1285 2375 deest

182 2426 300 2485 quoque
314 2408 395 2485 Aug.
408 2405 504 2485 primo
515 2422 624 2483 megna
635 2421 702 2483 pars
716 2402 854 2464 orationis
867 2404 899 2463 in
913 2404 1048 2465 Boeotum
1061 2423 1152 2484 super
1164 2406 1282 2467 nomine

183 2500 331 2580 usp-577.
348 2503 395 2558 18.
409 2496 569 2582 adp.579.
583 2499 634 2557 16.
675 2495 724 2557 Ab
734 2494 819 2558 initio
832 2495 1017 2557 mutilusest.
1036 2496 1282 2578 Incipitasocrd·

181 2613 261 2671 perot
274 2610 305 2669 p.
321 2595 370 2652 14.
383 2593 413 2654 7.
427 2590 466 2650 ud
480 2591 582 2650 ὀκνεῖτε
596 2590 699 2662 ἐξιέναι
712 2608 742 2668 p.
759 2590 841 2653 lm
859 2600 923 2649 tum
943 2601 988 2651 est
1006 2589 1112 2652 lacuna
1128 2607 1222 2670 usque
1239 2593 1281 2654 ud

181 2703 212 2763 p.
225 2687 276 2744 15.
292 2687 340 2746 11.
355 2682 406 2742 ubi
419 2700 438 2742 a
450 2685 601 2743 κατέλιπον
620 2680 682 2740 duo
695 2690 764 2740 sunt
777 2680 848 2741 solia
859 2682 1050 2763 procedentia
1062 2682 1101 2742 ad
1113 2702 1144 2764 p.
1163 2687 1214 2744 50.
1229 2687 1280 2746 15.

180 2773 229 2837 he
242 2793 343 2853 paucae
355 2785 425 2834 sunt
441 2773 572 2853 reliquiae
589 2772 758 2852 superstites
776 2772 806 2832 in
823 2785 908 2852 purte
925 2773 1017 2853 prima
1034 2773 1281 2834 Demosthenico·

180 2884 245 2924 rum
259 2883 389 2944 operum.
412 2863 564 2944 Supplevit
576 2874 675 2926 autem
683 2863 852 2925 deficientia
864 2863 1008 2945 pleraque
1019 2885 1124 2927 marrus
1132 2866 1281 2929 recentior
1378 2862 1383 2871 ’

179 2975 242 3038 ep.
256 2961 287 3020 5.
302 2963 330 3020 8.
344 2956 414 3018 inde
426 2975 520 3036 usqne
535 2954 615 3036 adp.
630 2960 681 3020 85.
694 2958 724 3021 7.
738 2956 844 3017 decem
858 2956 945 3016 foliis.
973 2957 1086 3018 Abbac
1099 2975 1175 3017 nova
1187 2975 1278 3018 manu

179 3058 300 3110 exarata
312 3047 461 3128 appellere
476 3045 559 3108 soleo
572 3047 603 3106 in
618 3047 690 3108 libro
703 3047 877 3108 variantium
887 3050 1102 3126 srspplerscstrsn
1115 3049 1278 3127 Augustani

173 3141 270 3218 priori.
292 3141 321 3202 A
334 3161 363 3220 p.
377 3146 428 3212 35,
444 3142 473 3205 7.
487 3139 558 3202 inde
569 3140 679 3220 reliqua
689 3141 784 3202 omnia
795 3139 834 3201 ad
842 3140 932 3202 hnern
945 3159 1038 3223 usque
1047 3152 1164 3202 vetrmta
1172 3159 1276 3202 manus

180 3235 353 3316 primigenia
364 3234 502 3296 exaravit.
545 3233 582 3290 In
602 3243 737 3294 extremo
755 3233 815 3295 line
834 3232 946 3296 codicis
959 3234 1078 3296 demum
1091 3232 1152 3294 duo
1164 3231 1276 3312 reperi·

178 3336 266 3386 untur
279 3325 351 3385 folia
361 3327 466 3386 mirum
480 3325 511 3385 in
524 3323 643 3387 modum
657 3343 676 3384 s
688 3325 841 3386 vermibus
851 3345 981 3397 corrosa,
998 3324 1140 3406 fumoque
1156 3336 1190 3384 at
1208 3325 1274 3405 pnl-
1317 3359 1325 3374 ·

178 3437 249 3478 vere
266 3415 412 3478 sordidata
430 3427 462 3478 et
479 3415 644 3495 denigrare,
664 3426 698 3474 ut
711 3415 759 3476 vix
779 3415 840 3495 legi
860 3427 971 3496 queant
990 3435 1010 3476 a
1028 3437 1058 3496 p.
1071 3422 1103 3490 4,
1125 3421 1172 3478 11.
1198 3421 1275 3497 ἡμᾶς

179 3515 264 3570 slsis
278 3507 318 3580 ad
331 3528 360 3587 pt
375 3513 407 3581 6,
420 3513 452 3570 5.
465 3510 506 3575 τὶς
520 3509 616 3576 οὕτως.
658 3506 823 3568 Orationes
833 3508 865 3568 in
883 3507 943 3570 hon
962 3510 1064 3570 codiee
1083 3528 1148 3572 sese
1169 3529 1275 3572 conse·

177 3612 307 3682 quuutur
325 3619 386 3660 noa
405 3601 508 3660 ordine
521 3599 641 3680 vulgari,
662 3600 717 3660 sed
736 3601 813 3662 booz
841 3598 1014 3682 Philippico
1033 3621 1145 3676 omnes,
1166 3603 1273 3665 eodem

178 3692 291 3764 ordine,
305 3712 365 3772 quo
378 3691 408 3752 in
420 3691 501 3753 libris
514 3691 649 3772 vulgatis.
670 3691 701 3751 in
715 3682 940 3754 Androtionem.
958 3693 990 3754 in
1004 3693 1137 3756 Midiarn.
1165 3695 1197 3755 in
1211 3697 1277 3772 Ari·

176 3797 345 3862 stomatem.
385 3804 439 3865 pro
453 3803 570 3846 corona.
611 3783 648 3843 de
662 3783 736 3846 falsa
748 3783 907 3862 legatione.
944 3784 977 3846 in
995 3785 1201 3848 Timocratem.
1240 3788 1274 3848 in

176 3878 361 3960 Leptinsm..
387 3877 418 3938 in
440 3876 681 3956 Aristogitonem.
727 3875 756 3934 in
776 3875 939 3938 Cononem.
984 3875 1016 3938 in
1035 3879 1198 3941 Calliclem.
1238 3879 1271 3939 in

56 4013 58 4016 -
178 3969 430 4051 olympiodorum.
484 3969 514 4030 in
546 3967 818 4051 Dionysodorum..
845 3967 877 4030 in
902 3966 1061 4050 'Aphobnm
1089 3971 1168 4032 dure.
1216 3989 1272 4050 pro

176 4065 304 4126 Phano-
327 4063 358 4124 in
380 4065 539 4126 Onetorem
561 4064 638 4124 durs.
665 4061 696 4121 in
718 4061 932 4123 Pantoeneturn.
981 4064 1013 4124 in
1036 4063 1198 4128 Lacritmn.
1238 4065 1271 4131 in

175 4155 404 4238 Nsusimaehum
425 4166 456 4216 et
477 4155 707 4237 Xenopitbem„
745 4155 775 4213 in
802 4154 1020 4217 Phormionem.
1068 4155 1099 4216 in
1123 4155 1270 4215 Zenothe·
1331 4221 1335 4228 ,

122 4273 128 4276 ·
176 4248 246 4308 min.
294 4265 348 4326 pro
372 4247 557 4308 Phormione.
600 4247 635 4306 in
657 4247 842 4327 Apaturium.
889 4249 918 4307 oi
936 4246 1163 4327 συμβουλευτικοὶ
1194 4251 1225 4320 (e
1237 4265 1269 4326 p.

177 4343 227 4400 25.
242 4337 279 4398 ad
294 4337 376 4414 180.)
416 4357 469 4417 pro
483 4357 593 4400 corona
614 4338 809 4410 uierarcbice,
829 4355 898 4416 qum
918 4338 1011 4399 oratio
1028 4337 1074 4398 bis
1091 4337 1122 4395 in
1140 4337 1199 4397 boc
1221 4358 1271 4400 co·

177 4429 243 4488 dice
258 4438 304 4487 eet
317 4430 437 4509 scripta,
452 4429 525 4489 locis
539 4429 615 4488 inter
625 4448 661 4488 ,se
675 4429 778 4508 procul
795 4428 912 4500 dissitis,
927 4439 1035 4490 etcum
1051 4427 1172 4488 mirifice
1183 4429 1270 4494 lecti·
1341 4430 1344 4436 “

161 4539 265 4593 ,ouum
284 4521 487 4602 discreppntia,
509 4533 542 4582 ut
556 4521 692 4601 exempla
715 4521 803 4599 hujus
818 4520 956 4586 orationis
975 4541 993 4582 e
1012 4519 1161 4582 codicibus
1174 4522 1268 4586 diver·

216 4641 289 4685 vor..
310 4641 333 4684 r.
427 4643 431 4652 ·
730 4627 750 4683 2
769 4643 786 4682 a
