3150 5125
244 362 246 368 ⁴
309 395 359 465 iu
640 398 895 467 urniorum
913 398 1072 464 notan

267 538 276 557 ’
307 556 470 621 incorrecta
483 556 618 637 preterii,
633 568 664 619 et
684 568 824 639 suspects
841 567 932 638 atque
945 556 1073 617 obscura
1083 552 1156 616 mibi
1167 555 1265 617 omnis
1275 532 1402 617 siellnl‘m

307 653 428 731 signari.
471 651 511 711 Et
530 652 573 712 sic
592 652 693 731 primia
706 652 867 712 difficultati
883 650 993 710 mederi
1014 669 1078 709 sum
1099 660 1230 710 cananis.
1271 650 1321 709 De
1333 650 1400 730 ipso

307 756 407 806 autem
420 744 535 805 artificii
549 746 666 805 oratorii
678 755 709 804 et
720 744 885 823 Ulpiauicae
898 741 1038 803 doctrina
1051 761 1171 821 genere,
1185 761 1238 821 pro
1254 761 1309 802 sua
1320 742 1399 821 quis·

308 855 367 915 que
382 835 575 917 persuasione*
589 837 634 897 rel
654 837 770 916 probet,
785 836 833 895 vel
850 835 1003 912 improbet,
1025 834 1107 915 quod
1124 834 1288 895 videbitur<
1308 834 1399 895 modo

307 926 381 987 illud
394 928 567 999 meminerit,
582 946 649 988 eum
662 929 797 987 usitatam
805 926 865 987 suis
878 927 1056 1006 temporibus
1064 927 1291 1005 rationemque
1299 925 1399 987 multis

306 1017 463 1097 ingeniosis
483 1030 514 1079 et
527 1019 647 1079 eruditis
661 1020 825 1079 bominibus
838 1019 978 1099 placeret,
996 1030 1140 1090 secutum,
1154 1018 1299 1079 comune
1311 1028 1399 1097 atque

305 1112 441 1174 invidisse
453 1114 572 1186 nemini,
587 1113 637 1192 qui
650 1112 765 1175 doctius
779 1122 831 1173 aot
841 1112 1012 1192 explicatius
1025 1111 1135 1193 aliquid
1145 1112 1251 1172 afferre
1263 1112 1354 1171 vellet
1365 1110 1397 1170 in

305 1206 445 1267 medium.
486 1205 545 1267 Sed
559 1206 617 1267 hoc
631 1206 670 1265 ad
683 1206 840 1265 verborum
857 1205 1043 1283 interpretem
1056 1215 1178 1265 anteum
1192 1204 1338 1264 duntaxat
1350 1212 1396 1262 at·

305 1296 390 1370 tinet,
404 1307 488 1359 utne
504 1298 563 1359 otio
576 1299 646 1377 (quo
660 1316 717 1376 ego
731 1306 812 1357 certe
825 1296 941 1357 minime
954 1294 1083 1371 abundo)
1097 1297 1205 1355 abnam
1222 1314 1287 1355 esse
1298 1293 1396 1355 videa·

304 1398 371 1449 tur:
394 1400 504 1455 nemra
524 1389 578 1469 ipsi
601 1389 696 1449 autori
717 1388 883 1467 praestanda
905 1398 982 1457 sunt,
1001 1387 1064 1447 aire
1083 1387 1109 1447 is
1130 1388 1218 1457 bene,
1237 1387 1298 1445 siae
1319 1386 1396 1445 male

304 1480 454 1560 scripserit
465 1500 500 1542 ae
513 1481 654 1543 docuerit.
697 1479 772 1539 lllud
789 1490 888 1539 autem
901 1478 1001 1538 facere
1014 1498 1074 1553 um
1086 1475 1227 1549 dubitavi,
1242 1488 1276 1537 ut
1289 1476 1396 1536 alicubi

303 1582 474 1652 perpemam
490 1572 607 1651 Ulpiani
626 1572 796 1643 orationem,
812 1569 961 1630 brevitatis
978 1570 1130 1630 amandae
1147 1580 1179 1629 et
1197 1569 1337 1629 mdesda
1353 1569 1396 1628 ri·

304 1664 403 1723 tandm
422 1682 521 1733 eausa,
540 1663 603 1723 sine
621 1661 681 1721 ullo
702 1660 811 1720 autoris
831 1660 1012 1733 detrimento,
1032 1662 1247 1734 intersererem,
1261 1672 1293 1722 et
1304 1660 1396 1721 verba

303 1752 512 1813 Demosthenis
525 1751 732 1832 parentheseos
745 1750 830 1829 signo
842 1751 1021 1812 clauderem.
1055 1753 1156 1814 Veluti
1168 1772 1235 1813 cum
1250 1752 1393 1831 Ulpianus

303 1844 403 1917 habet,
417 1846 448 1905 ἐν
460 1845 492 1904 di
504 1850 553 1926 τᾷ,
563 1848 618 1925 οὐχ
628 1844 669 1904 tvl
679 1842 774 1903 δέδωκε
787 1846 888 1923 rpdrp,
903 1847 1045 1923 σοφίζεται
1056 1846 1072 1903 ὁ
1086 1846 1186 1925 p'rirop,
1201 1864 1258 1924 ego
1272 1844 1315 1903 sie
1323 1843 1394 1905 feel.

209 1960 213 1971 -
303 1936 371 1997 no„
385 1938 526 1997 mma>
538 1937 632 2008 uae)
664 1935 866 2014 arnapam
876 1935 1053 2014 agrem.
1093 1937 1393 2018 inquinante,

303 2029 457 2091 voluissem
479 2028 655 2109 exprimere,
679 2028 834 2088 dicendum
852 2027 973 2089 fuinett
994 2028 1032 2087 ln
1051 2027 1096 2089 bis
1108 2031 1322 2102 autemverbis,
1339 2051 1396 2089 aaa

302 2140 356 2181 sao
367 2124 444 2181 modo
458 2123 542 2192 dedit,
562 2120 689 2199 captiose
707 2119 768 2197 agit
785 2128 889 2189 orator,
909 2118 988 2197 quod
1000 2138 1095 2198 neque
1115 2120 1272 2181 dilucidius
1283 2131 1338 2192 est,
1359 2132 1394 2180 at

203 2258 210 2267 ,
301 2214 450 2293 prolixius,
467 2223 498 2275 et
511 2214 580 2287 tale,
594 2224 627 2272 ut
640 2213 664 2271 si
681 2210 782 2290 paucis
794 2210 826 2269 in
837 2210 969 2273 versibus
985 2211 1093 2291 saepius
1106 2222 1262 2293 repetatur,
1275 2212 1395 2271 fastidio

301 2306 444 2369 lectorem
464 2316 578 2371 enecet.
618 2303 716 2363 Nemo
730 2302 827 2381 igitur,
849 2302 961 2381 opinor,
976 2302 1035 2363 boc
1052 2303 1162 2363 iactum
1181 2302 1388 2383 reprehendet,

301 2394 463 2477 presertim
481 2416 548 2456 cum
566 2394 608 2457 ita
627 2404 765 2457 tractatus
786 2394 825 2454 ait
838 2394 990 2473 Ulpianus,
1004 2406 1038 2455 ut
1054 2396 1092 2457 ab
1112 2395 1338 2457 enarrationibus
1351 2394 1391 2454 ad

302 2486 513 2558 annotationes,
527 2498 664 2567 tanquam
677 2488 715 2547 ab
729 2486 812 2567 equis
824 2487 864 2546 ed
876 2487 981 2558 minos,
997 2487 1152 2549 devolutus
1170 2506 1235 2549 esse
1247 2486 1391 2547 rideatur.

301 2580 336 2640 ln
348 2580 419 2642 artis
431 2591 530 2640 autem
543 2579 704 2652 vocabulis,
718 2580 854 2659 qnoniam
870 2579 984 2640 Latinis
997 2580 1102 2658 partim
1114 2600 1230 2659 prorsus
1244 2579 1388 2650 carebam,

298 2672 402 2752 partim
416 2672 486 2734 sada
500 2672 617 2753 propria
630 2691 690 2732 nou
702 2673 858 2743 habebam,
879 2676 932 2732 aut
944 2671 1053 2731 Graeca
1065 2672 1129 2749 ipsa
1141 2674 1254 2750 reliqui,
1266 2683 1318 2733 aut
1330 2672 1390 2731 La·

298 2765 390 2826 tinam
405 2763 683 2845 interpretationem,
702 2783 760 2824 non
774 2784 860 2842 qnam
873 2763 961 2833 volui,
974 2760 1027 2820 sed
1040 2781 1126 2838 quam
1140 2763 1230 2839 potui,
1245 2783 1390 2844 quamque

298 2856 447 2918 festinatio
468 2867 499 2916 et
519 2875 585 2916 mea
603 2867 634 2916 et
647 2855 820 2934 typographi
833 2870 923 2930 passa
933 2861 989 2922 est,
1006 2850 1112 2925 odJ'eci.
1151 2850 1284 2929 Oporino
1302 2856 1392 2927 enim,

298 2949 433 3010 acerrimi
444 2947 548 3024 judicii
558 2945 630 3015 viro,
645 2944 733 3003 certis
747 2944 786 3001 de
799 2941 904 3011 causis,
914 2960 987 3019 quas
1003 2959 1060 3002 neo
1073 2942 1135 3021 ipse
1147 2942 1318 3022 improbavi,
1329 2965 1391 3006 non

297 3039 391 3098 risum
405 3047 450 3096 est
464 3035 622 3113 Ulpianum
635 3032 756 3092 seorsim
770 3052 835 3094 esse
853 3031 1010 3106 edendum,
1024 3034 1087 3106 sed,
1101 3034 1236 3114 quoniam
1254 3046 1314 3096 tarn
1328 3057 1391 3098 ms·

297 3139 364 3189 ture
378 3127 417 3186 ad
430 3126 542 3186 calcem
555 3123 762 3204 pervenissem,
779 3125 969 3204 interpretem
985 3145 1050 3185 cnm
1071 3137 1173 3188 autore
1194 3147 1249 3187 suo
1268 3134 1390 3204 conjun-

296 3219 437 3300 gendum.
478 3217 611 3276 Maxime
632 3227 731 3276 autem
750 3217 823 3276 illud
844 3237 910 3277 eum
934 3219 973 3278 ad
994 3218 1152 3280 editionem
1175 3221 1289 3299 impulit
1310 3242 1395 3302 pene

295 3327 521 3390 praeproperam,
542 3307 621 3387 quod
642 3325 690 3366 me
709 3307 900 3388 longinquum
919 3309 974 3369 iter
986 3311 1129 3371 adornare
1146 3312 1336 3390 intelligebat,
1356 3315 1387 3372 in
1408 3340 1413 3346 ·

297 3422 357 3482 quo
382 3404 472 3482 (apud
493 3411 609 3462 exteras
633 3401 795 3480 praesertim
816 3401 960 3478 nationes)
977 3403 1066 3463 bomo
1086 3406 1309 3466 valetudinarius
1328 3405 1386 3466 leri

295 3495 395 3574 aliquo
405 3515 472 3555 casu
482 3495 524 3554 ita
533 3491 676 3574 prosterni
690 3505 838 3573 potestat
851 3514 999 3574 uunquam
1011 3508 1152 3575 resurget.
1177 3498 1285 3557 Maluit
1297 3496 1386 3575 igitur

296 3587 453 3666 Ulpianum
465 3587 698 3668 qualemcunque
712 3588 811 3657 edere,
826 3605 913 3665 quam
926 3597 971 3646 tot
980 3587 1049 3646 mibi
1062 3589 1177 3648 labores
1191 3589 1307 3649 omniuo
1320 3609 1387 3667 per·

294 3679 347 3752 ira,
362 3699 481 3760 quorum
494 3680 619 3740 sortasse
631 3678 786 3760 lectoribus
799 3679 886 3738 etiam
899 3678 1001 3756 aliquis
1013 3699 1083 3740 uam
1094 3691 1169 3740 'esse
1179 3690 1287 3759 posset
1308 3681 1386 3749 Nam

294 3772 320 3834 si
333 3772 458 3852 spatium
472 3791 509 3833 ac
521 3782 635 3850 tempus
649 3771 744 3842 detur,
759 3771 860 3846 multa,
873 3791 938 3849 qum
955 3771 1025 3830 mibi
1038 3791 1156 3850 quoque
1169 3773 1292 3833 obscura
1304 3791 1385 3833 nuno

294 3875 372 3935 sunt,
382 3863 531 3924 declarare
543 3882 630 3943 posse
643 3862 755 3922 videor.
796 3862 885 3930 Quod
898 3863 1039 3942 quianon
1047 3863 1229 3942 negligentia
1241 3883 1317 3940 mea,
1330 3863 1384 3936 sed

292 3957 419 4017 fortuna
428 3957 525 4036 eulpa,
536 3975 583 4016 me
593 3956 658 4035 pilae
666 3954 755 4014 instar
765 3955 823 4013 buc
830 3966 918 4033 atque
927 3953 998 4014 illuc
1003 3955 1149 4030 jactantis,
1160 3957 1384 4035 pretermissum

294 4058 348 4121 est,
363 4048 476 4110 veniam
489 4057 624 4108 meretur.
667 4047 707 4106 Et
726 4047 833 4125 alioqui
853 4055 945 4106 totum
962 4046 1020 4106 boc
1038 4065 1112 4126 opus
1125 4048 1241 4109 omuino
1254 4048 1314 4108 tale
1327 4059 1382 4120 est,

294 4151 329 4204 ut
341 4161 408 4202 cum
422 4139 528 4202 Ovidio
542 4138 698 4199 dicendum
712 4138 763 4196 sit:

516 4244 552 4294 En
563 4243 652 4290 veniam
663 4257 707 4303 pro
717 4240 786 4288 laude
796 4247 865 4300 pato:
885 4242 994 4294 laudatas
1003 4246 1102 4303 alinde,
1199 4297 1202 4303 ,

551 4320 605 4368 Non
615 4317 733 4366 insiditur
745 4315 765 4363 si
775 4316 818 4362 tibi
828 4317 901 4366 lector
911 4335 959 4368 ero.

652 4405 736 4470 Vale·
777 4403 909 4467 Basileus.
923 4409 987 4471 Cal.
1001 4410 1111 4472 Martii.
1122 4411 1208 4471 Anno
1222 4428 1259 4471 aa.
1269 4427 1342 4474 mr..
