<?xml version="1.0" encoding="UTF-8"?>
<!DOCTYPE html PUBLIC "-//W3C//DTD XHTML 1.0 Transitional//EN"
    "http://www.w3.org/TR/xhtml1/DTD/xhtml1-transitional.dtd">
<html xmlns="http://www.w3.org/1999/xhtml" xml:lang="en" lang="en">
 <head>
  <title>
</title>
<meta http-equiv="Content-Type" content="text/html;charset=utf-8" />
  <meta name='ocr-system' content='tesseract 3.04.00' />
  <meta name='ocr-capabilities' content='ocr_page ocr_carea ocr_par ocr_line ocrx_word'/>
</head>
<body>
  <div class='ocr_page' id='page_1' title='image "./demosthenisetsc01dupogoog_0057.png"; bbox 0 0 3150 5125; ppageno 0'>
   <div class='ocr_carea' id='block_1_1' title="bbox 319 412 1259 487">
    <p class='ocr_par' dir='ltr' id='par_1_1' title="bbox 319 412 1259 487">
     <span class='ocr_line' id='line_1_1' title="bbox 319 412 1259 487; baseline 0.004 -7"><span class='ocrx_word' id='word_1_1' title='bbox 319 442 321 447; x_wconf 86' lang='lat'><em>·</em></span> <span class='ocrx_word' id='word_1_2' title='bbox 374 420 436 481; x_wconf 82' lang='lat' dir='ltr'><strong>All</strong></span> <span class='ocrx_word' id='word_1_3' title='bbox 456 418 576 481; x_wconf 86' lang='lat' dir='ltr'><strong>SUUM</strong></span> <span class='ocrx_word' id='word_1_4' title='bbox 597 412 774 483; x_wconf 82' lang='lat' dir='ltr'>DEMOS&#39;I&#39;</span> <span class='ocrx_word' id='word_1_5' title='bbox 775 422 818 483; x_wconf 85' lang='grc' dir='ltr'><strong>Η.</strong></span> <span class='ocrx_word' id='word_1_6' title='bbox 839 420 1050 482; x_wconf 76' lang='lat' dir='ltr'><strong>PRAE&#39;FATT.</strong></span> <span class='ocrx_word' id='word_1_7' title='bbox 1210 424 1259 487; x_wconf 78' lang='lat' dir='ltr'><strong>lvii</strong></span> 
     </span>
    </p>
   </div>
   <div class='ocr_carea' id='block_1_2' title="bbox 152 564 1344 4405">
    <p class='ocr_par' dir='ltr' id='par_1_2' title="bbox 152 564 1344 4405">
     <span class='ocr_line' id='line_1_2' title="bbox 172 564 1260 655; baseline 0.004 -27"><span class='ocrx_word' id='word_1_8' title='bbox 172 568 245 629; x_wconf 88' lang='lat' dir='ltr'><strong>lilios</strong></span> <span class='ocrx_word' id='word_1_9' title='bbox 257 564 315 628; x_wconf 81' lang='lat' dir='ltr'><strong>rita</strong></span> <span class='ocrx_word' id='word_1_10' title='bbox 327 571 436 631; x_wconf 78' lang='lat' dir='ltr'><strong>celebs</strong></span> <span class='ocrx_word' id='word_1_11' title='bbox 449 573 572 652; x_wconf 87' lang='lat' dir='ltr'><strong>negarit,</strong></span> <span class='ocrx_word' id='word_1_12' title='bbox 586 593 682 654; x_wconf 89' lang='lat' dir='ltr'><strong>neque</strong></span> <span class='ocrx_word' id='word_1_13' title='bbox 702 586 811 635; x_wconf 75' lang='lat' dir='ltr'><strong>nostres</strong></span> <span class='ocrx_word' id='word_1_14' title='bbox 830 574 923 654; x_wconf 88' lang='lat' dir='ltr'><strong>gentis</strong></span> <span class='ocrx_word' id='word_1_15' title='bbox 936 586 1024 655; x_wconf 89' lang='lat' dir='ltr'><strong>atque</strong></span> <span class='ocrx_word' id='word_1_16' title='bbox 1045 575 1168 634; x_wconf 88' lang='lat' dir='ltr'><strong>nominis</strong></span> <span class='ocrx_word' id='word_1_17' title='bbox 1180 575 1260 654; x_wconf 87' lang='lat' dir='ltr'><strong>quis.</strong></span> 
     </span>
     <span class='ocr_line' id='line_1_3' title="bbox 169 665 1259 740; baseline 0.007 -21"><span class='ocrx_word' id='word_1_18' title='bbox 169 680 255 739; x_wconf 80' lang='lat' dir='ltr'><strong>quam</strong></span> <span class='ocrx_word' id='word_1_19' title='bbox 268 673 415 740; x_wconf 88' lang='lat' dir='ltr'><strong>superstes</strong></span> <span class='ocrx_word' id='word_1_20' title='bbox 428 665 513 733; x_wconf 85' lang='lat' dir='ltr'><strong>pubis</strong></span> <span class='ocrx_word' id='word_1_21' title='bbox 525 666 590 727; x_wconf 86' lang='lat' dir='ltr'><strong>fore</strong></span> <span class='ocrx_word' id='word_1_22' title='bbox 603 666 744 737; x_wconf 84' lang='lat' dir='ltr'><strong>videatur,</strong></span> <span class='ocrx_word' id='word_1_23' title='bbox 758 666 832 726; x_wconf 78' lang='lat' dir='ltr'><strong>librt</strong></span> <span class='ocrx_word' id='word_1_24' title='bbox 847 666 939 726; x_wconf 86' lang='lat' dir='ltr'><strong>nostri</strong></span> <span class='ocrx_word' id='word_1_25' title='bbox 951 666 1075 727; x_wconf 84' lang='lat' dir='ltr'><strong>liberum</strong></span> <span class='ocrx_word' id='word_1_26' title='bbox 1097 665 1162 724; x_wconf 89' lang='lat' dir='ltr'><strong>loco</strong></span> <span class='ocrx_word' id='word_1_27' title='bbox 1175 668 1259 727; x_wconf 90' lang='lat' dir='ltr'><strong>nobis</strong></span> 
     </span>
     <span class='ocr_line' id='line_1_4' title="bbox 171 752 1261 836; baseline 0.004 -23"><span class='ocrx_word' id='word_1_28' title='bbox 171 772 236 813; x_wconf 84' lang='lat' dir='ltr'><strong>esse</strong></span> <span class='ocrx_word' id='word_1_29' title='bbox 248 752 366 826; x_wconf 88' lang='lat' dir='ltr'><strong>debent,</strong></span> <span class='ocrx_word' id='word_1_30' title='bbox 386 757 490 836; x_wconf 90' lang='lat' dir='ltr'><strong>quibus</strong></span> <span class='ocrx_word' id='word_1_31' title='bbox 504 758 681 817; x_wconf 87' lang='lat' dir='ltr'><strong>Wolfianum</strong></span> <span class='ocrx_word' id='word_1_32' title='bbox 702 777 808 818; x_wconf 89' lang='lat' dir='ltr'><strong>nomen</strong></span> <span class='ocrx_word' id='word_1_33' title='bbox 821 760 858 818; x_wconf 89' lang='lat' dir='ltr'><strong>ab</strong></span> <span class='ocrx_word' id='word_1_34' title='bbox 877 757 1021 817; x_wconf 82' lang='lat' dir='ltr'><strong>oblivione</strong></span> <span class='ocrx_word' id='word_1_35' title='bbox 1040 757 1217 836; x_wconf 70' lang='lat' dir='ltr'>posteritatis</span> <span class='ocrx_word' id='word_1_36' title='bbox 1230 768 1261 817; x_wconf 90' lang='lat' dir='ltr'><strong>et</strong></span> 
     </span>
     <span class='ocr_line' id='line_1_5' title="bbox 171 844 1261 929; baseline 0.004 -27"><span class='ocrx_word' id='word_1_37' title='bbox 171 844 209 903; x_wconf 88' lang='lat' dir='ltr'><strong>ab</strong></span> <span class='ocrx_word' id='word_1_38' title='bbox 222 844 341 906; x_wconf 88' lang='lat' dir='ltr'><strong>interitu</strong></span> <span class='ocrx_word' id='word_1_39' title='bbox 353 847 523 909; x_wconf 78' lang='lat' dir='ltr'>vindicetur.</span> <span class='ocrx_word' id='word_1_40' title='bbox 564 852 631 916; x_wconf 85' lang='lat' dir='ltr'><strong>Quo</strong></span> <span class='ocrx_word' id='word_1_41' title='bbox 651 849 744 928; x_wconf 86' lang='lat' dir='ltr'><strong>magis</strong></span> <span class='ocrx_word' id='word_1_42' title='bbox 764 851 852 909; x_wconf 90' lang='lat' dir='ltr'><strong>etiam</strong></span> <span class='ocrx_word' id='word_1_43' title='bbox 866 868 955 929; x_wconf 90' lang='lat' dir='ltr'><strong>opera</strong></span> <span class='ocrx_word' id='word_1_44' title='bbox 967 848 1064 907; x_wconf 87' lang='lat' dir='ltr'><strong>danda</strong></span> <span class='ocrx_word' id='word_1_45' title='bbox 1077 860 1132 918; x_wconf 89' lang='lat' dir='ltr'><strong>est,</strong></span> <span class='ocrx_word' id='word_1_46' title='bbox 1145 859 1178 907; x_wconf 89' lang='lat' dir='ltr'><strong>ut</strong></span> <span class='ocrx_word' id='word_1_47' title='bbox 1193 868 1261 908; x_wconf 91' lang='lat' dir='ltr'><strong>cum</strong></span> 
     </span>
     <span class='ocr_line' id='line_1_6' title="bbox 171 935 1261 1019; baseline 0.003 -25"><span class='ocrx_word' id='word_1_48' title='bbox 171 935 259 996; x_wconf 88' lang='lat' dir='ltr'><strong>laude</strong></span> <span class='ocrx_word' id='word_1_49' title='bbox 273 950 303 997; x_wconf 92' lang='lat' dir='ltr'><strong>et</strong></span> <span class='ocrx_word' id='word_1_50' title='bbox 316 938 408 1017; x_wconf 83' lang='lat' dir='ltr'><strong>gloria</strong></span> <span class='ocrx_word' id='word_1_51' title='bbox 420 940 524 1019; x_wconf 87' lang='lat' dir='ltr'><strong>potius,</strong></span> <span class='ocrx_word' id='word_1_52' title='bbox 536 960 621 1019; x_wconf 86' lang='lat' dir='ltr'><strong>quem</strong></span> <span class='ocrx_word' id='word_1_53' title='bbox 632 960 698 1000; x_wconf 92' lang='lat' dir='ltr'><strong>curn</strong></span> <span class='ocrx_word' id='word_1_54' title='bbox 711 940 870 1019; x_wconf 76' lang='lat' dir='ltr'><strong>ignominia</strong></span> <span class='ocrx_word' id='word_1_55' title='bbox 882 949 912 998; x_wconf 91' lang='lat' dir='ltr'><strong>et</strong></span> <span class='ocrx_word' id='word_1_56' title='bbox 924 941 1031 1019; x_wconf 89' lang='lat' dir='ltr'><strong>probro</strong></span> <span class='ocrx_word' id='word_1_57' title='bbox 1044 940 1075 997; x_wconf 91' lang='lat' dir='ltr'><strong>id</strong></span> <span class='ocrx_word' id='word_1_58' title='bbox 1088 938 1150 999; x_wconf 76' lang='lat' dir='ltr'><strong>fiat.</strong></span> <span class='ocrx_word' id='word_1_59' title='bbox 1190 939 1261 998; x_wconf 88' lang='lat' dir='ltr'><strong>Non</strong></span> 
     </span>
     <span class='ocr_line' id='line_1_7' title="bbox 172 1028 1263 1111; baseline 0.003 -25"><span class='ocrx_word' id='word_1_60' title='bbox 172 1047 221 1087; x_wconf 87' lang='lat' dir='ltr'><strong>ma</strong></span> <span class='ocrx_word' id='word_1_61' title='bbox 234 1028 321 1107; x_wconf 82' lang='lat' dir='ltr'><strong>fugit,</strong></span> <span class='ocrx_word' id='word_1_62' title='bbox 334 1031 405 1109; x_wconf 86' lang='lat' dir='ltr'><strong>quid</strong></span> <span class='ocrx_word' id='word_1_63' title='bbox 423 1032 534 1093; x_wconf 85' lang='lat' dir='ltr'><strong>causari</strong></span> <span class='ocrx_word' id='word_1_64' title='bbox 546 1032 658 1111; x_wconf 84' lang='lat' dir='ltr'><strong>possis:</strong></span> <span class='ocrx_word' id='word_1_65' title='bbox 679 1032 777 1091; x_wconf 90' lang='lat' dir='ltr'><strong>multis</strong></span> <span class='ocrx_word' id='word_1_66' title='bbox 785 1036 848 1108; x_wconf 76' lang='grc' dir='ltr'><strong>Ιἱιιιιι</strong></span> <span class='ocrx_word' id='word_1_67' title='bbox 861 1032 943 1092; x_wconf 88' lang='lat' dir='ltr'><strong>anuis</strong></span> <span class='ocrx_word' id='word_1_68' title='bbox 956 1031 1010 1091; x_wconf 91' lang='lat' dir='ltr'><strong>tibi</strong></span> <span class='ocrx_word' id='word_1_69' title='bbox 1029 1031 1069 1091; x_wconf 89' lang='lat' dir='ltr'><strong>ad</strong></span> <span class='ocrx_word' id='word_1_70' title='bbox 1087 1031 1153 1090; x_wconf 82' lang='lat' dir='ltr'><strong>brec</strong></span> <span class='ocrx_word' id='word_1_71' title='bbox 1165 1030 1263 1091; x_wconf 86' lang='lat' dir='ltr'><strong>studia</strong></span> 
     </span>
     <span class='ocr_line' id='line_1_8' title="bbox 174 1120 1264 1201; baseline -0.001 -23"><span class='ocrx_word' id='word_1_72' title='bbox 174 1120 222 1179; x_wconf 82' lang='lat' dir='ltr'><strong>rel</strong></span> <span class='ocrx_word' id='word_1_73' title='bbox 241 1121 414 1201; x_wconf 89' lang='lat' dir='ltr'><strong>respiciendi</strong></span> <span class='ocrx_word' id='word_1_74' title='bbox 428 1124 519 1183; x_wconf 88' lang='lat' dir='ltr'><strong>otium</strong></span> <span class='ocrx_word' id='word_1_75' title='bbox 532 1124 676 1184; x_wconf 81' lang='lat' dir='ltr'><strong>defuisse:</strong></span> <span class='ocrx_word' id='word_1_76' title='bbox 699 1124 777 1184; x_wconf 91' lang='lat' dir='ltr'><strong>domi</strong></span> <span class='ocrx_word' id='word_1_77' title='bbox 798 1144 866 1183; x_wconf 90' lang='lat' dir='ltr'><strong>cum</strong></span> <span class='ocrx_word' id='word_1_78' title='bbox 878 1124 926 1196; x_wconf 86' lang='lat' dir='ltr'><strong>sis,</strong></span> <span class='ocrx_word' id='word_1_79' title='bbox 941 1123 1032 1182; x_wconf 85' lang='lat' dir='ltr'><strong>totius</strong></span> <span class='ocrx_word' id='word_1_80' title='bbox 1045 1122 1103 1181; x_wconf 90' lang='lat' dir='ltr'><strong>diei</strong></span> <span class='ocrx_word' id='word_1_81' title='bbox 1116 1122 1264 1183; x_wconf 82' lang='lat' dir='ltr'><strong>discursu.</strong></span> 
     </span>
     <span class='ocr_line' id='line_1_9' title="bbox 174 1212 1266 1293; baseline 0.005 -23"><span class='ocrx_word' id='word_1_82' title='bbox 174 1212 301 1272; x_wconf 79' lang='lat' dir='ltr'><strong>tionibus</strong></span> <span class='ocrx_word' id='word_1_83' title='bbox 316 1214 355 1273; x_wconf 88' lang='lat' dir='ltr'><strong>nd</strong></span> <span class='ocrx_word' id='word_1_84' title='bbox 375 1226 501 1293; x_wconf 80' lang='lat' dir='ltr'><strong>regrotos</strong></span> <span class='ocrx_word' id='word_1_85' title='bbox 515 1216 688 1293; x_wconf 84' lang='lat' dir='ltr'><strong>defatigari:</strong></span> <span class='ocrx_word' id='word_1_86' title='bbox 713 1234 792 1293; x_wconf 82' lang='lat' dir='ltr'><strong>soepe</strong></span> <span class='ocrx_word' id='word_1_87' title='bbox 814 1216 900 1274; x_wconf 88' lang='lat' dir='ltr'><strong>etiam</strong></span> <span class='ocrx_word' id='word_1_88' title='bbox 921 1235 939 1274; x_wconf 92' lang='lat' dir='ltr'><strong>a</strong></span> <span class='ocrx_word' id='word_1_89' title='bbox 959 1213 1108 1275; x_wconf 87' lang='lat' dir='ltr'><strong>nobilitate</strong></span> <span class='ocrx_word' id='word_1_90' title='bbox 1120 1215 1217 1275; x_wconf 82' lang='lat' dir='ltr'><strong>vicina</strong></span> <span class='ocrx_word' id='word_1_91' title='bbox 1233 1226 1266 1275; x_wconf 89' lang='lat' dir='ltr'><strong>et</strong></span> 
     </span>
     <span class='ocr_line' id='line_1_10' title="bbox 175 1303 1267 1384; baseline 0.005 -23"><span class='ocrx_word' id='word_1_92' title='bbox 175 1303 354 1383; x_wconf 88' lang='lat' dir='ltr'><strong>principibus</strong></span> <span class='ocrx_word' id='word_1_93' title='bbox 368 1318 522 1367; x_wconf 81' lang='lat' dir='ltr'><strong>evocatum</strong></span> <span class='ocrx_word' id='word_1_94' title='bbox 535 1306 642 1367; x_wconf 86' lang='lat' dir='ltr'><strong>alibris</strong></span> <span class='ocrx_word' id='word_1_95' title='bbox 652 1323 770 1384; x_wconf 87' lang='lat' dir='ltr'><strong>prorsus</strong></span> <span class='ocrx_word' id='word_1_96' title='bbox 783 1306 896 1366; x_wconf 84' lang='lat' dir='ltr'><strong>abesse.</strong></span> <span class='ocrx_word' id='word_1_97' title='bbox 926 1305 993 1363; x_wconf 87' lang='lat' dir='ltr'><strong>Seio</strong></span> <span class='ocrx_word' id='word_1_98' title='bbox 1006 1306 1071 1376; x_wconf 86' lang='lat' dir='ltr'><strong>ista,</strong></span> <span class='ocrx_word' id='word_1_99' title='bbox 1086 1316 1115 1363; x_wconf 89' lang='lat' dir='ltr'><strong>et</strong></span> <span class='ocrx_word' id='word_1_100' title='bbox 1128 1307 1267 1367; x_wconf 86' lang='lat' dir='ltr'><strong>bonestss</strong></span> 
     </span>
     <span class='ocr_line' id='line_1_11' title="bbox 174 1396 1267 1477; baseline 0 -22"><span class='ocrx_word' id='word_1_101' title='bbox 174 1396 245 1455; x_wconf 85' lang='lat' dir='ltr'><strong>istas</strong></span> <span class='ocrx_word' id='word_1_102' title='bbox 259 1399 481 1477; x_wconf 72' lang='lat' dir='ltr'><strong>occupationes,</strong></span> <span class='ocrx_word' id='word_1_103' title='bbox 490 1418 556 1457; x_wconf 92' lang='lat' dir='ltr'><strong>cum</strong></span> <span class='ocrx_word' id='word_1_104' title='bbox 566 1397 693 1475; x_wconf 82' lang='lat' dir='ltr'><strong>proemiis</strong></span> <span class='ocrx_word' id='word_1_105' title='bbox 704 1396 864 1455; x_wconf 71' lang='lat' dir='ltr'><strong>autoritatis</strong></span> <span class='ocrx_word' id='word_1_106' title='bbox 877 1406 908 1452; x_wconf 90' lang='lat' dir='ltr'><strong>et</strong></span> <span class='ocrx_word' id='word_1_107' title='bbox 917 1396 1016 1473; x_wconf 61' lang='lat' dir='ltr'><strong>maure</strong></span> <span class='ocrx_word' id='word_1_108' title='bbox 1027 1402 1205 1471; x_wconf 85' lang='lat' dir='ltr'><strong>conjunctas,</strong></span> <span class='ocrx_word' id='word_1_109' title='bbox 1213 1397 1267 1456; x_wconf 91' lang='lat' dir='ltr'><strong>tibi</strong></span> 
     </span>
     <span class='ocr_line' id='line_1_12' title="bbox 166 1484 1269 1565; baseline 0.002 -21"><span class='ocrx_word' id='word_1_110' title='bbox 166 1484 319 1565; x_wconf 84' lang='lat' dir='ltr'><strong>gratulor.</strong></span> <span class='ocrx_word' id='word_1_111' title='bbox 362 1489 423 1549; x_wconf 87' lang='lat' dir='ltr'><strong>Sed</strong></span> <span class='ocrx_word' id='word_1_112' title='bbox 436 1489 514 1547; x_wconf 90' lang='lat' dir='ltr'><strong>idem</strong></span> <span class='ocrx_word' id='word_1_113' title='bbox 532 1508 592 1547; x_wconf 89' lang='lat' dir='ltr'><strong>non</strong></span> <span class='ocrx_word' id='word_1_114' title='bbox 610 1487 748 1557; x_wconf 89' lang='lat' dir='ltr'><strong>concedo,</strong></span> <span class='ocrx_word' id='word_1_115' title='bbox 770 1497 802 1545; x_wconf 90' lang='lat' dir='ltr'><strong>te</strong></span> <span class='ocrx_word' id='word_1_116' title='bbox 821 1488 1040 1565; x_wconf 80' lang='lat' dir='ltr'><strong>occupatiorem</strong></span> <span class='ocrx_word' id='word_1_117' title='bbox 1058 1507 1123 1552; x_wconf 86' lang='lat' dir='ltr'><strong>esse</strong></span> <span class='ocrx_word' id='word_1_118' title='bbox 1137 1490 1174 1548; x_wconf 84' lang='lat' dir='ltr'><strong>C.</strong></span> <span class='ocrx_word' id='word_1_119' title='bbox 1187 1488 1269 1549; x_wconf 81' lang='lat' dir='ltr'><strong>lulio</strong></span> 
     </span>
     <span class='ocr_line' id='line_1_13' title="bbox 180 1578 1269 1658; baseline 0 -19"><span class='ocrx_word' id='word_1_120' title='bbox 180 1579 309 1649; x_wconf 84' lang='lat' dir='ltr'><strong>Caesare,</strong></span> <span class='ocrx_word' id='word_1_121' title='bbox 323 1580 373 1657; x_wconf 88' lang='lat' dir='ltr'><strong>qui</strong></span> <span class='ocrx_word' id='word_1_122' title='bbox 386 1580 492 1641; x_wconf 89' lang='lat' dir='ltr'><strong>eodem</strong></span> <span class='ocrx_word' id='word_1_123' title='bbox 506 1589 637 1658; x_wconf 87' lang='lat' dir='ltr'><strong>ternpore</strong></span> <span class='ocrx_word' id='word_1_124' title='bbox 652 1578 761 1639; x_wconf 88' lang='lat' dir='ltr'><strong>bellum</strong></span> <span class='ocrx_word' id='word_1_125' title='bbox 776 1578 923 1637; x_wconf 85' lang='lat' dir='ltr'><strong>Gallicum</strong></span> <span class='ocrx_word' id='word_1_126' title='bbox 944 1591 975 1638; x_wconf 91' lang='lat' dir='ltr'><strong>et</strong></span> <span class='ocrx_word' id='word_1_127' title='bbox 994 1579 1095 1658; x_wconf 87' lang='lat' dir='ltr'><strong>gessit,</strong></span> <span class='ocrx_word' id='word_1_128' title='bbox 1110 1592 1142 1639; x_wconf 89' lang='lat' dir='ltr'><strong>et</strong></span> <span class='ocrx_word' id='word_1_129' title='bbox 1160 1581 1269 1640; x_wconf 88' lang='lat' dir='ltr'><strong>descri-</strong></span> 
     </span>
     <span class='ocr_line' id='line_1_14' title="bbox 180 1669 1270 1751; baseline 0 -20"><span class='ocrx_word' id='word_1_130' title='bbox 180 1673 248 1751; x_wconf 83' lang='lat' dir='ltr'><strong>psit.</strong></span> <span class='ocrx_word' id='word_1_131' title='bbox 290 1669 382 1729; x_wconf 88' lang='lat' dir='ltr'><strong>Multi</strong></span> <span class='ocrx_word' id='word_1_132' title='bbox 406 1670 521 1741; x_wconf 87' lang='lat' dir='ltr'><strong>dantur,</strong></span> <span class='ocrx_word' id='word_1_133' title='bbox 540 1672 672 1749; x_wconf 83' lang='lat' dir='ltr'><strong>hyberno</strong></span> <span class='ocrx_word' id='word_1_134' title='bbox 694 1670 856 1748; x_wconf 70' lang='lat' dir='ltr'><strong>praesertim</strong></span> <span class='ocrx_word' id='word_1_135' title='bbox 869 1680 1011 1748; x_wconf 90' lang='lat' dir='ltr'><strong>tempore,</strong></span> <span class='ocrx_word' id='word_1_136' title='bbox 1028 1672 1270 1731; x_wconf 84' lang='lat' dir='ltr'><strong>contractioribus</strong></span> 
     </span>
     <span class='ocr_line' id='line_1_15' title="bbox 179 1761 1310 1843; baseline 0 -18"><span class='ocrx_word' id='word_1_137' title='bbox 179 1765 291 1836; x_wconf 85' lang='lat' dir='ltr'><strong>diebus,</strong></span> <span class='ocrx_word' id='word_1_138' title='bbox 306 1764 345 1824; x_wconf 89' lang='lat' dir='ltr'><strong>ad</strong></span> <span class='ocrx_word' id='word_1_139' title='bbox 358 1763 453 1823; x_wconf 85' lang='lat' dir='ltr'><strong>studia</strong></span> <span class='ocrx_word' id='word_1_140' title='bbox 466 1762 593 1824; x_wconf 87' lang='lat' dir='ltr'><strong>reditus:</strong></span> <span class='ocrx_word' id='word_1_141' title='bbox 616 1772 647 1821; x_wconf 91' lang='lat' dir='ltr'><strong>et</strong></span> <span class='ocrx_word' id='word_1_142' title='bbox 660 1780 728 1823; x_wconf 87' lang='lat' dir='ltr'><strong>cum</strong></span> <span class='ocrx_word' id='word_1_143' title='bbox 748 1761 845 1821; x_wconf 84' lang='lat' dir='ltr'><strong>omnia</strong></span> <span class='ocrx_word' id='word_1_144' title='bbox 857 1780 917 1821; x_wconf 93' lang='lat' dir='ltr'><strong>non</strong></span> <span class='ocrx_word' id='word_1_145' title='bbox 930 1762 1019 1821; x_wconf 92' lang='lat' dir='ltr'><strong>modo</strong></span> <span class='ocrx_word' id='word_1_146' title='bbox 1032 1762 1270 1843; x_wconf 87' lang='lat' dir='ltr'><strong>philosophorum</strong></span> <span class='ocrx_word' id='word_1_147' title='bbox 1307 1819 1310 1825; x_wconf 21' lang='lat' dir='ltr'><strong>r</strong></span> 
     </span>
     <span class='ocr_line' id='line_1_16' title="bbox 180 1852 1270 1940; baseline -0.002 -23"><span class='ocrx_word' id='word_1_148' title='bbox 180 1866 211 1917; x_wconf 87' lang='lat' dir='ltr'><strong>et</strong></span> <span class='ocrx_word' id='word_1_149' title='bbox 230 1854 418 1925; x_wconf 86' lang='lat' dir='ltr'><strong>medicorum,</strong></span> <span class='ocrx_word' id='word_1_150' title='bbox 439 1854 492 1913; x_wconf 89' lang='lat' dir='ltr'><strong>sed</strong></span> <span class='ocrx_word' id='word_1_151' title='bbox 512 1864 661 1913; x_wconf 83' lang='lat' dir='ltr'><strong>oratorum</strong></span> <span class='ocrx_word' id='word_1_152' title='bbox 682 1852 778 1940; x_wconf 78' lang='lat' dir='ltr'><strong>susm,</strong></span> <span class='ocrx_word' id='word_1_153' title='bbox 798 1853 874 1912; x_wconf 85' lang='lat' dir='ltr'><strong>inter</strong></span> <span class='ocrx_word' id='word_1_154' title='bbox 885 1872 958 1931; x_wconf 90' lang='lat' dir='ltr'><strong>quos</strong></span> <span class='ocrx_word' id='word_1_155' title='bbox 977 1853 1116 1932; x_wconf 76' lang='lat' dir='ltr'><strong>praecipui</strong></span> <span class='ocrx_word' id='word_1_156' title='bbox 1130 1854 1270 1915; x_wconf 81' lang='lat' dir='ltr'><strong>miscere</strong></span> 
     </span>
     <span class='ocr_line' id='line_1_17' title="bbox 181 1944 1270 2023; baseline -0.001 -14"><span class='ocrx_word' id='word_1_157' title='bbox 181 1948 361 2009; x_wconf 73' lang='lat' dir='ltr'><strong>Camerarius</strong></span> <span class='ocrx_word' id='word_1_158' title='bbox 374 1956 406 2005; x_wconf 89' lang='lat' dir='ltr'><strong>et</strong></span> <span class='ocrx_word' id='word_1_159' title='bbox 420 1945 572 2016; x_wconf 77' lang='lat' dir='ltr'><strong>sturmius,</strong></span> <span class='ocrx_word' id='word_1_160' title='bbox 584 1944 670 2015; x_wconf 89' lang='lat' dir='ltr'><strong>dicta,</strong></span> <span class='ocrx_word' id='word_1_161' title='bbox 685 1944 837 2005; x_wconf 88' lang='lat' dir='ltr'><strong>celeritate</strong></span> <span class='ocrx_word' id='word_1_162' title='bbox 850 1945 953 2004; x_wconf 87' lang='lat' dir='ltr'><strong>calami</strong></span> <span class='ocrx_word' id='word_1_163' title='bbox 966 1963 1043 2023; x_wconf 89' lang='lat' dir='ltr'><strong>pene</strong></span> <span class='ocrx_word' id='word_1_164' title='bbox 1055 1944 1218 2007; x_wconf 83' lang='lat' dir='ltr'><strong>incredibili</strong></span> <span class='ocrx_word' id='word_1_165' title='bbox 1229 1947 1270 2008; x_wconf 88' lang='lat' dir='ltr'><strong>sis</strong></span> 
     </span>
     <span class='ocr_line' id='line_1_18' title="bbox 180 2036 1272 2115; baseline -0.005 -11"><span class='ocrx_word' id='word_1_166' title='bbox 180 2051 338 2109; x_wconf 71' lang='lat' dir='ltr'><strong>metatus,</strong></span> <span class='ocrx_word' id='word_1_167' title='bbox 357 2038 421 2105; x_wconf 78' lang='lat' dir='ltr'><strong>fieri.</strong></span> <span class='ocrx_word' id='word_1_168' title='bbox 434 2038 513 2097; x_wconf 86' lang='lat' dir='ltr'><strong>nullo</strong></span> <span class='ocrx_word' id='word_1_169' title='bbox 526 2036 613 2097; x_wconf 86' lang='lat' dir='ltr'><strong>modo</strong></span> <span class='ocrx_word' id='word_1_170' title='bbox 626 2046 731 2115; x_wconf 85' lang='lat' dir='ltr'><strong>potest,</strong></span> <span class='ocrx_word' id='word_1_171' title='bbox 744 2037 815 2115; x_wconf 90' lang='lat' dir='ltr'><strong>quin</strong></span> <span class='ocrx_word' id='word_1_172' title='bbox 832 2036 884 2097; x_wconf 87' lang='lat' dir='ltr'><strong>illa</strong></span> <span class='ocrx_word' id='word_1_173' title='bbox 900 2036 942 2096; x_wconf 88' lang='lat' dir='ltr'><strong>ita</strong></span> <span class='ocrx_word' id='word_1_174' title='bbox 953 2037 1013 2097; x_wconf 85' lang='lat' dir='ltr'><strong>alte</strong></span> <span class='ocrx_word' id='word_1_175' title='bbox 1034 2036 1130 2097; x_wconf 88' lang='lat' dir='ltr'><strong>animo</strong></span> <span class='ocrx_word' id='word_1_176' title='bbox 1150 2048 1202 2100; x_wconf 85' lang='lat' dir='ltr'><strong>tuo</strong></span> <span class='ocrx_word' id='word_1_177' title='bbox 1215 2038 1272 2099; x_wconf 85' lang='lat' dir='ltr'><strong>siut</strong></span> 
     </span>
     <span class='ocr_line' id='line_1_19' title="bbox 180 2128 1272 2211; baseline -0.002 -20"><span class='ocrx_word' id='word_1_178' title='bbox 180 2132 280 2203; x_wconf 77' lang='lat' dir='ltr'><strong>inflas,</strong></span> <span class='ocrx_word' id='word_1_179' title='bbox 292 2142 326 2189; x_wconf 88' lang='lat' dir='ltr'><strong>ut</strong></span> <span class='ocrx_word' id='word_1_180' title='bbox 338 2130 418 2190; x_wconf 89' lang='lat' dir='ltr'><strong>nulla</strong></span> <span class='ocrx_word' id='word_1_181' title='bbox 436 2129 548 2211; x_wconf 84' lang='lat' dir='ltr'><strong>possint</strong></span> <span class='ocrx_word' id='word_1_182' title='bbox 566 2129 710 2189; x_wconf 81' lang='lat' dir='ltr'><strong>oblivione</strong></span> <span class='ocrx_word' id='word_1_183' title='bbox 725 2128 827 2200; x_wconf 88' lang='lat' dir='ltr'><strong>deleri,</strong></span> <span class='ocrx_word' id='word_1_184' title='bbox 845 2146 952 2207; x_wconf 83' lang='lat' dir='ltr'><strong>easque</strong></span> <span class='ocrx_word' id='word_1_185' title='bbox 965 2128 1080 2189; x_wconf 79' lang='lat' dir='ltr'><strong>radices</strong></span> <span class='ocrx_word' id='word_1_186' title='bbox 1100 2130 1224 2208; x_wconf 75' lang='lat' dir='ltr'><strong>egerint,</strong></span> <span class='ocrx_word' id='word_1_187' title='bbox 1239 2140 1272 2191; x_wconf 90' lang='lat' dir='ltr'><strong>nt</strong></span> 
     </span>
     <span class='ocr_line' id='line_1_20' title="bbox 181 2217 1275 2297; baseline -0.005 -12"><span class='ocrx_word' id='word_1_188' title='bbox 181 2220 426 2293; x_wconf 86' lang='lat' dir='ltr'><strong>solida-eruditio,</strong></span> <span class='ocrx_word' id='word_1_189' title='bbox 440 2221 596 2281; x_wconf 80' lang='lat' dir='ltr'><strong>etfructue</strong></span> <span class='ocrx_word' id='word_1_190' title='bbox 616 2220 794 2289; x_wconf 86' lang='lat' dir='ltr'><strong>eruditionis,</strong></span> <span class='ocrx_word' id='word_1_191' title='bbox 813 2218 968 2292; x_wconf 89' lang='lat' dir='ltr'><strong>judicium,</strong></span> <span class='ocrx_word' id='word_1_192' title='bbox 986 2217 1056 2277; x_wconf 90' lang='lat' dir='ltr'><strong>inde</strong></span> <span class='ocrx_word' id='word_1_193' title='bbox 1075 2220 1224 2297; x_wconf 85' lang='lat' dir='ltr'><strong>pullularit</strong></span> <span class='ocrx_word' id='word_1_194' title='bbox 1242 2231 1275 2281; x_wconf 88' lang='lat' dir='ltr'><strong>et</strong></span> 
     </span>
     <span class='ocr_line' id='line_1_21' title="bbox 183 2304 1275 2388; baseline -0.008 -11"><span class='ocrx_word' id='word_1_195' title='bbox 183 2313 347 2377; x_wconf 81' lang='lat' dir='ltr'><strong>effloruerit.</strong></span> <span class='ocrx_word' id='word_1_196' title='bbox 388 2314 453 2373; x_wconf 87' lang='lat' dir='ltr'><strong>Etsi</strong></span> <span class='ocrx_word' id='word_1_197' title='bbox 467 2313 555 2382; x_wconf 85' lang='lat' dir='ltr'><strong>enim,</strong></span> <span class='ocrx_word' id='word_1_198' title='bbox 570 2330 617 2371; x_wconf 90' lang='lat' dir='ltr'><strong>me</strong></span> <span class='ocrx_word' id='word_1_199' title='bbox 636 2320 750 2379; x_wconf 87' lang='lat' dir='ltr'><strong>autore,</strong></span> <span class='ocrx_word' id='word_1_200' title='bbox 771 2310 860 2387; x_wconf 87' lang='lat' dir='ltr'><strong>paulo</strong></span> <span class='ocrx_word' id='word_1_201' title='bbox 879 2304 970 2369; x_wconf 85' lang='lat' dir='ltr'><strong>serius</strong></span> <span class='ocrx_word' id='word_1_202' title='bbox 990 2308 1028 2367; x_wconf 86' lang='lat' dir='ltr'><strong>ad</strong></span> <span class='ocrx_word' id='word_1_203' title='bbox 1048 2320 1202 2388; x_wconf 85' lang='lat' dir='ltr'><strong>utramque</strong></span> <span class='ocrx_word' id='word_1_204' title='bbox 1220 2309 1275 2369; x_wconf 89' lang='lat' dir='ltr'><strong>lin·</strong></span> 
     </span>
     <span class='ocr_line' id='line_1_22' title="bbox 184 2399 1275 2485; baseline 0 -21"><span class='ocrx_word' id='word_1_205' title='bbox 184 2424 273 2485; x_wconf 85' lang='lat' dir='ltr'><strong>guam</strong></span> <span class='ocrx_word' id='word_1_206' title='bbox 293 2416 324 2465; x_wconf 88' lang='lat' dir='ltr'><strong>et</strong></span> <span class='ocrx_word' id='word_1_207' title='bbox 337 2405 479 2482; x_wconf 83' lang='lat' dir='ltr'><strong>ingenuas</strong></span> <span class='ocrx_word' id='word_1_208' title='bbox 498 2414 576 2461; x_wconf 87' lang='lat' dir='ltr'><strong>artes</strong></span> <span class='ocrx_word' id='word_1_209' title='bbox 598 2402 749 2461; x_wconf 73' lang='lat' dir='ltr'><strong>dbcendm</strong></span> <span class='ocrx_word' id='word_1_210' title='bbox 769 2399 924 2472; x_wconf 83' lang='lat' dir='ltr'><strong>accessisti,</strong></span> <span class='ocrx_word' id='word_1_211' title='bbox 938 2412 1036 2461; x_wconf 86' lang='lat' dir='ltr'><strong>tamen</strong></span> <span class='ocrx_word' id='word_1_212' title='bbox 1054 2399 1139 2463; x_wconf 88' lang='lat' dir='ltr'><strong>Deus</strong></span> <span class='ocrx_word' id='word_1_213' title='bbox 1152 2412 1275 2464; x_wconf 87' lang='lat' dir='ltr'><strong>conatus</strong></span> 
     </span>
     <span class='ocr_line' id='line_1_23' title="bbox 186 2491 1277 2573; baseline -0.003 -16"><span class='ocrx_word' id='word_1_214' title='bbox 186 2509 262 2569; x_wconf 88' lang='lat' dir='ltr'><strong>taos,</strong></span> <span class='ocrx_word' id='word_1_215' title='bbox 272 2507 303 2569; x_wconf 81' lang='lat' dir='ltr'><strong>et</strong></span> <span class='ocrx_word' id='word_1_216' title='bbox 316 2494 475 2573; x_wconf 73' lang='lat' dir='ltr'><strong>diligentia</strong></span> <span class='ocrx_word' id='word_1_217' title='bbox 489 2492 687 2553; x_wconf 86' lang='lat' dir='ltr'><strong>assiduitatem</strong></span> <span class='ocrx_word' id='word_1_218' title='bbox 701 2492 741 2552; x_wconf 89' lang='lat' dir='ltr'><strong>ita</strong></span> <span class='ocrx_word' id='word_1_219' title='bbox 752 2491 918 2565; x_wconf 80' lang='lat' dir='ltr'><strong>fortunavit,</strong></span> <span class='ocrx_word' id='word_1_220' title='bbox 931 2502 965 2553; x_wconf 90' lang='lat' dir='ltr'><strong>ut</strong></span> <span class='ocrx_word' id='word_1_221' title='bbox 976 2493 1064 2572; x_wconf 80' lang='lat' dir='ltr'><strong>longe</strong></span> <span class='ocrx_word' id='word_1_222' title='bbox 1078 2504 1110 2554; x_wconf 90' lang='lat' dir='ltr'><strong>et</strong></span> <span class='ocrx_word' id='word_1_223' title='bbox 1123 2493 1231 2554; x_wconf 69' lang='lat' dir='ltr'><strong>diodus</strong></span> <span class='ocrx_word' id='word_1_224' title='bbox 1245 2504 1277 2556; x_wconf 88' lang='lat' dir='ltr'><strong>et</strong></span> 
     </span>
     <span class='ocr_line' id='line_1_24' title="bbox 186 2585 1278 2665; baseline -0.002 -15"><span class='ocrx_word' id='word_1_225' title='bbox 186 2589 302 2650; x_wconf 77' lang='lat' dir='ltr'><strong>felicius</strong></span> <span class='ocrx_word' id='word_1_226' title='bbox 317 2599 354 2658; x_wconf 87' lang='lat' dir='ltr'><strong>et</strong></span> <span class='ocrx_word' id='word_1_227' title='bbox 375 2586 553 2646; x_wconf 86' lang='lat' dir='ltr'><strong>constantius</strong></span> <span class='ocrx_word' id='word_1_228' title='bbox 573 2585 627 2645; x_wconf 89' lang='lat' dir='ltr'><strong>sub</strong></span> <span class='ocrx_word' id='word_1_229' title='bbox 647 2586 888 2665; x_wconf 85' lang='lat' dir='ltr'><strong>praestantissimis</strong></span> <span class='ocrx_word' id='word_1_230' title='bbox 905 2586 1090 2664; x_wconf 76' lang='lat' dir='ltr'><strong>agonothetis</strong></span> <span class='ocrx_word' id='word_1_231' title='bbox 1102 2587 1132 2646; x_wconf 91' lang='lat' dir='ltr'><strong>in</strong></span> <span class='ocrx_word' id='word_1_232' title='bbox 1143 2587 1198 2648; x_wconf 86' lang='lat' dir='ltr'><strong>isto</strong></span> <span class='ocrx_word' id='word_1_233' title='bbox 1210 2587 1278 2648; x_wconf 88' lang='lat' dir='ltr'><strong>lite·</strong></span> 
     </span>
     <span class='ocr_line' id='line_1_25' title="bbox 187 2677 1279 2756; baseline -0.001 -14"><span class='ocrx_word' id='word_1_234' title='bbox 187 2693 251 2742; x_wconf 87' lang='lat' dir='ltr'><strong>rato</strong></span> <span class='ocrx_word' id='word_1_235' title='bbox 264 2680 368 2750; x_wconf 85' lang='lat' dir='ltr'><strong>stadio,</strong></span> <span class='ocrx_word' id='word_1_236' title='bbox 382 2679 413 2737; x_wconf 90' lang='lat' dir='ltr'><strong>in</strong></span> <span class='ocrx_word' id='word_1_237' title='bbox 434 2677 639 2749; x_wconf 85' lang='lat' dir='ltr'><strong>celeberrimis,</strong></span> <span class='ocrx_word' id='word_1_238' title='bbox 660 2678 787 2756; x_wconf 89' lang='lat' dir='ltr'><strong>inquam,</strong></span> <span class='ocrx_word' id='word_1_239' title='bbox 808 2677 975 2738; x_wconf 77' lang='lat' dir='ltr'><strong>Germaniae</strong></span> <span class='ocrx_word' id='word_1_240' title='bbox 988 2690 1020 2738; x_wconf 92' lang='lat' dir='ltr'><strong>et</strong></span> <span class='ocrx_word' id='word_1_241' title='bbox 1038 2677 1144 2739; x_wconf 74' lang='lat' dir='ltr'><strong>Galliae</strong></span> <span class='ocrx_word' id='word_1_242' title='bbox 1159 2680 1279 2740; x_wconf 84' lang='lat' dir='ltr'><strong>Acade·</strong></span> 
     </span>
     <span class='ocr_line' id='line_1_26' title="bbox 190 2757 1280 2848; baseline -0.004 -14"><span class='ocrx_word' id='word_1_243' title='bbox 190 2774 265 2843; x_wconf 82' lang='lat' dir='ltr'><strong>ariis,</strong></span> <span class='ocrx_word' id='word_1_244' title='bbox 287 2773 329 2832; x_wconf 89' lang='lat' dir='ltr'><strong>ita</strong></span> <span class='ocrx_word' id='word_1_245' title='bbox 342 2771 521 2841; x_wconf 80' lang='lat' dir='ltr'><strong>decurreret,</strong></span> <span class='ocrx_word' id='word_1_246' title='bbox 537 2781 569 2829; x_wconf 92' lang='lat' dir='ltr'><strong>ut</strong></span> <span class='ocrx_word' id='word_1_247' title='bbox 591 2767 751 2829; x_wconf 83' lang='lat' dir='ltr'><strong>ordinatim</strong></span> <span class='ocrx_word' id='word_1_248' title='bbox 762 2771 889 2830; x_wconf 89' lang='lat' dir='ltr'><strong>honores</strong></span> <span class='ocrx_word' id='word_1_249' title='bbox 904 2757 1035 2848; x_wconf 86' lang='lat' dir='ltr'><strong>peteres,</strong></span> <span class='ocrx_word' id='word_1_250' title='bbox 1049 2779 1081 2828; x_wconf 92' lang='lat' dir='ltr'><strong>et</strong></span> <span class='ocrx_word' id='word_1_251' title='bbox 1092 2789 1199 2847; x_wconf 85' lang='lat' dir='ltr'><strong>magna</strong></span> <span class='ocrx_word' id='word_1_252' title='bbox 1211 2787 1280 2830; x_wconf 88' lang='lat' dir='ltr'><strong>eum</strong></span> 
     </span>
     <span class='ocr_line' id='line_1_27' title="bbox 187 2859 1278 2939; baseline -0.004 -13"><span class='ocrx_word' id='word_1_253' title='bbox 187 2865 274 2926; x_wconf 83' lang='lat' dir='ltr'><strong>laude</strong></span> <span class='ocrx_word' id='word_1_254' title='bbox 285 2862 444 2934; x_wconf 87' lang='lat' dir='ltr'><strong>laureolam</strong></span> <span class='ocrx_word' id='word_1_255' title='bbox 454 2861 681 2939; x_wconf 87' lang='lat' dir='ltr'><strong>consequereris.</strong></span> <span class='ocrx_word' id='word_1_256' title='bbox 722 2864 822 2928; x_wconf 85' lang='lat' dir='ltr'><strong>Quare</strong></span> <span class='ocrx_word' id='word_1_257' title='bbox 835 2860 907 2920; x_wconf 81' lang='lat' dir='ltr'><strong>nibil</strong></span> <span class='ocrx_word' id='word_1_258' title='bbox 920 2859 972 2920; x_wconf 91' lang='lat' dir='ltr'><strong>tibi</strong></span> <span class='ocrx_word' id='word_1_259' title='bbox 980 2865 1069 2936; x_wconf 70' lang='lat' dir='ltr'><strong>justes</strong></span> <span class='ocrx_word' id='word_1_260' title='bbox 1083 2859 1278 2924; x_wconf 82' lang='lat' dir='ltr'><strong>excusationis</strong></span> 
     </span>
     <span class='ocr_line' id='line_1_28' title="bbox 188 2952 1279 3032; baseline -0.001 -16"><span class='ocrx_word' id='word_1_261' title='bbox 188 2957 320 3018; x_wconf 84' lang='lat' dir='ltr'><strong>relictum</strong></span> <span class='ocrx_word' id='word_1_262' title='bbox 341 2967 396 3026; x_wconf 89' lang='lat' dir='ltr'><strong>est,</strong></span> <span class='ocrx_word' id='word_1_263' title='bbox 411 2975 488 3025; x_wconf 89' lang='lat' dir='ltr'><strong>cum,</strong></span> <span class='ocrx_word' id='word_1_264' title='bbox 501 2953 580 3031; x_wconf 90' lang='lat' dir='ltr'><strong>quod</strong></span> <span class='ocrx_word' id='word_1_265' title='bbox 594 2972 651 3032; x_wconf 90' lang='lat' dir='ltr'><strong>ego</strong></span> <span class='ocrx_word' id='word_1_266' title='bbox 666 2953 793 3032; x_wconf 88' lang='lat' dir='ltr'><strong>postulo,</strong></span> <span class='ocrx_word' id='word_1_267' title='bbox 810 2953 842 3011; x_wconf 91' lang='lat' dir='ltr'><strong>id</strong></span> <span class='ocrx_word' id='word_1_268' title='bbox 863 2963 894 3014; x_wconf 90' lang='lat' dir='ltr'><strong>tu</strong></span> <span class='ocrx_word' id='word_1_269' title='bbox 914 2963 1055 3030; x_wconf 79' lang='lat' dir='ltr'><strong>praestare</strong></span> <span class='ocrx_word' id='word_1_270' title='bbox 1068 2961 1102 3011; x_wconf 79' lang='lat' dir='ltr'><strong>et&#39;</strong></span> <span class='ocrx_word' id='word_1_271' title='bbox 1112 2952 1232 3023; x_wconf 74' lang='lat' dir='ltr'><strong>debete,</strong></span> <span class='ocrx_word' id='word_1_272' title='bbox 1246 2962 1279 3015; x_wconf 86' lang='lat' dir='ltr'><strong>et</strong></span> 
     </span>
     <span class='ocr_line' id='line_1_29' title="bbox 187 3042 1279 3127; baseline -0.005 -17"><span class='ocrx_word' id='word_1_273' title='bbox 187 3049 274 3112; x_wconf 74' lang='lat' dir='ltr'><strong>facile</strong></span> <span class='ocrx_word' id='word_1_274' title='bbox 284 3047 387 3127; x_wconf 84' lang='lat' dir='ltr'><strong>possis.</strong></span> <span class='ocrx_word' id='word_1_275' title='bbox 429 3047 459 3105; x_wconf 84' lang='lat' dir='ltr'><strong>si</strong></span> <span class='ocrx_word' id='word_1_276' title='bbox 473 3064 543 3104; x_wconf 76' lang='lat' dir='ltr'><strong>vero</strong></span> <span class='ocrx_word' id='word_1_277' title='bbox 557 3045 671 3122; x_wconf 86' lang='lat' dir='ltr'><strong>gravior</strong></span> <span class='ocrx_word' id='word_1_278' title='bbox 682 3045 777 3122; x_wconf 83' lang='lat' dir='ltr'><strong>eliqua</strong></span> <span class='ocrx_word' id='word_1_279' title='bbox 788 3063 877 3104; x_wconf 87' lang='lat' dir='ltr'><strong>eausa</strong></span> <span class='ocrx_word' id='word_1_280' title='bbox 885 3042 1187 3121; x_wconf 67' lang='lat' dir='ltr'><strong>compatientium</strong></span> <span class='ocrx_word' id='word_1_281' title='bbox 1195 3054 1279 3104; x_wconf 74' lang='lat' dir='ltr'><strong>certa</strong></span> 
     </span>
     <span class='ocr_line' id='line_1_30' title="bbox 189 3134 1279 3220; baseline -0.003 -20"><span class='ocrx_word' id='word_1_282' title='bbox 189 3141 290 3220; x_wconf 86' lang='lat' dir='ltr'><strong>negari</strong></span> <span class='ocrx_word' id='word_1_283' title='bbox 312 3141 364 3200; x_wconf 89' lang='lat' dir='ltr'><strong>abs</strong></span> <span class='ocrx_word' id='word_1_284' title='bbox 385 3149 415 3198; x_wconf 89' lang='lat' dir='ltr'><strong>te</strong></span> <span class='ocrx_word' id='word_1_285' title='bbox 435 3138 505 3198; x_wconf 91' lang='lat' dir='ltr'><strong>mibi</strong></span> <span class='ocrx_word' id='word_1_286' title='bbox 527 3137 625 3208; x_wconf 90' lang='lat' dir='ltr'><strong>nolim,</strong></span> <span class='ocrx_word' id='word_1_287' title='bbox 641 3147 674 3198; x_wconf 91' lang='lat' dir='ltr'><strong>ut</strong></span> <span class='ocrx_word' id='word_1_288' title='bbox 687 3137 851 3207; x_wconf 86' lang='lat' dir='ltr'><strong>doctorum,</strong></span> <span class='ocrx_word' id='word_1_289' title='bbox 865 3155 938 3214; x_wconf 90' lang='lat' dir='ltr'><strong>quos</strong></span> <span class='ocrx_word' id='word_1_290' title='bbox 951 3134 1036 3195; x_wconf 81' lang='lat' dir='ltr'><strong>variis</strong></span> <span class='ocrx_word' id='word_1_291' title='bbox 1049 3135 1080 3198; x_wconf 87' lang='lat' dir='ltr'><strong>iu</strong></span> <span class='ocrx_word' id='word_1_292' title='bbox 1097 3135 1171 3197; x_wconf 86' lang='lat' dir='ltr'><strong>locis</strong></span> <span class='ocrx_word' id='word_1_293' title='bbox 1186 3135 1279 3197; x_wconf 82' lang='lat' dir='ltr'><strong>babet</strong></span> 
     </span>
     <span class='ocr_line' id='line_1_31' title="bbox 189 3227 1282 3308; baseline -0.007 -14"><span class='ocrx_word' id='word_1_294' title='bbox 189 3233 438 3308; x_wconf 63' lang='lat' dir='ltr'><strong>autemsaepe</strong></span> <span class='ocrx_word' id='word_1_295' title='bbox 451 3229 515 3308; x_wconf 87' lang='lat' dir='ltr'><strong>ipse</strong></span> <span class='ocrx_word' id='word_1_296' title='bbox 528 3229 694 3302; x_wconf 65' lang='lat' dir='ltr'><strong>convenae,</strong></span> <span class='ocrx_word' id='word_1_297' title='bbox 707 3228 785 3288; x_wconf 87' lang='lat' dir='ltr'><strong>stab</strong></span> <span class='ocrx_word' id='word_1_298' title='bbox 795 3228 899 3288; x_wconf 85' lang='lat' dir='ltr'><strong>iisdem</strong></span> <span class='ocrx_word' id='word_1_299' title='bbox 912 3227 1060 3288; x_wconf 88' lang='lat' dir='ltr'><strong>conveniri</strong></span> <span class='ocrx_word' id='word_1_300' title='bbox 1071 3228 1157 3300; x_wconf 85' lang='lat' dir='ltr'><strong>soles,</strong></span> <span class='ocrx_word' id='word_1_301' title='bbox 1167 3227 1282 3303; x_wconf 78' lang='lat' dir='ltr'><strong>judicia</strong></span> 
     </span>
     <span class='ocr_line' id='line_1_32' title="bbox 190 3302 1344 3400; baseline -0.003 -17"><span class='ocrx_word' id='word_1_302' title='bbox 190 3323 332 3400; x_wconf 84' lang='lat' dir='ltr'><strong>exquiras,</strong></span> <span class='ocrx_word' id='word_1_303' title='bbox 352 3340 443 3399; x_wconf 86' lang='lat' dir='ltr'><strong>eaque</strong></span> <span class='ocrx_word' id='word_1_304' title='bbox 457 3321 548 3381; x_wconf 88' lang='lat' dir='ltr'><strong>libere</strong></span> <span class='ocrx_word' id='word_1_305' title='bbox 567 3305 726 3400; x_wconf 82' lang='lat' dir='ltr'><strong>aperteque</strong></span> <span class='ocrx_word' id='word_1_306' title='bbox 744 3320 782 3380; x_wconf 76' lang='lat' dir='ltr'><strong>a&#39;d</strong></span> <span class='ocrx_word' id='word_1_307' title='bbox 800 3339 848 3380; x_wconf 91' lang='lat' dir='ltr'><strong>me</strong></span> <span class='ocrx_word' id='word_1_308' title='bbox 865 3318 1040 3398; x_wconf 85' lang='lat' dir='ltr'><strong>perscribas.</strong></span> <span class='ocrx_word' id='word_1_309' title='bbox 1080 3319 1183 3379; x_wconf 86' lang='lat' dir='ltr'><strong>Minus</strong></span> <span class='ocrx_word' id='word_1_310' title='bbox 1201 3319 1280 3380; x_wconf 85' lang='lat' dir='ltr'><strong>enim</strong></span> <span class='ocrx_word' id='word_1_311' title='bbox 1338 3302 1344 3330; x_wconf 80' lang='lat'>&#39;</span> 
     </span>
     <span class='ocr_line' id='line_1_33' title="bbox 191 3411 1280 3492; baseline 0.001 -20"><span class='ocrx_word' id='word_1_312' title='bbox 191 3413 271 3492; x_wconf 85' lang='lat' dir='ltr'><strong>apud</strong></span> <span class='ocrx_word' id='word_1_313' title='bbox 291 3423 331 3487; x_wconf 91' lang='lat' dir='ltr'><strong>te,</strong></span> <span class='ocrx_word' id='word_1_314' title='bbox 345 3413 415 3491; x_wconf 91' lang='lat' dir='ltr'><strong>quid</strong></span> <span class='ocrx_word' id='word_1_315' title='bbox 434 3413 568 3483; x_wconf 85' lang='lat' dir='ltr'><strong>sentiant,</strong></span> <span class='ocrx_word' id='word_1_316' title='bbox 584 3413 814 3485; x_wconf 88' lang='lat' dir='ltr'><strong>dissimulabunt,</strong></span> <span class='ocrx_word' id='word_1_317' title='bbox 827 3412 876 3490; x_wconf 87' lang='lat' dir='ltr'><strong>qui</strong></span> <span class='ocrx_word' id='word_1_318' title='bbox 890 3411 1027 3472; x_wconf 85' lang='lat' dir='ltr'><strong>offensam</strong></span> <span class='ocrx_word' id='word_1_319' title='bbox 1042 3413 1130 3472; x_wconf 85' lang='lat' dir='ltr'><strong>animi</strong></span> <span class='ocrx_word' id='word_1_320' title='bbox 1149 3413 1209 3472; x_wconf 90' lang='lat' dir='ltr'><strong>mei</strong></span> <span class='ocrx_word' id='word_1_321' title='bbox 1227 3412 1280 3474; x_wconf 88' lang='lat' dir='ltr'><strong>ali·</strong></span> 
     </span>
     <span class='ocr_line' id='line_1_34' title="bbox 189 3503 1279 3584; baseline -0.002 -20"><span class='ocrx_word' id='word_1_322' title='bbox 189 3523 278 3584; x_wconf 82' lang='lat' dir='ltr'><strong>quam</strong></span> <span class='ocrx_word' id='word_1_323' title='bbox 291 3504 412 3564; x_wconf 83' lang='lat' dir='ltr'><strong>fortasse</strong></span> <span class='ocrx_word' id='word_1_324' title='bbox 433 3504 646 3582; x_wconf 85' lang='lat' dir='ltr'><strong>vererentur,si</strong></span> <span class='ocrx_word' id='word_1_325' title='bbox 662 3504 764 3564; x_wconf 87' lang='lat' dir='ltr'><strong>eadem</strong></span> <span class='ocrx_word' id='word_1_326' title='bbox 785 3503 865 3583; x_wconf 87' lang='lat' dir='ltr'><strong>apud</strong></span> <span class='ocrx_word' id='word_1_327' title='bbox 888 3523 936 3562; x_wconf 90' lang='lat' dir='ltr'><strong>ma</strong></span> <span class='ocrx_word' id='word_1_328' title='bbox 957 3505 1155 3582; x_wconf 85' lang='lat' dir='ltr'><strong>expromenda</strong></span> <span class='ocrx_word' id='word_1_329' title='bbox 1168 3511 1279 3564; x_wconf 84' lang='lat' dir='ltr'><strong>essent:</strong></span> 
     </span>
     <span class='ocr_line' id='line_1_35' title="bbox 192 3587 1280 3676; baseline -0.002 -20"><span class='ocrx_word' id='word_1_330' title='bbox 192 3597 255 3656; x_wconf 90' lang='lat' dir='ltr'><strong>sine</strong></span> <span class='ocrx_word' id='word_1_331' title='bbox 268 3613 357 3654; x_wconf 87' lang='lat' dir='ltr'><strong>eausa</strong></span> <span class='ocrx_word' id='word_1_332' title='bbox 367 3595 408 3652; x_wconf 93' lang='lat' dir='ltr'><strong>illi</strong></span> <span class='ocrx_word' id='word_1_333' title='bbox 421 3594 546 3672; x_wconf 91' lang='lat' dir='ltr'><strong>quidem.</strong></span> <span class='ocrx_word' id='word_1_334' title='bbox 589 3596 617 3655; x_wconf 91' lang='lat' dir='ltr'><strong>ls</strong></span> <span class='ocrx_word' id='word_1_335' title='bbox 637 3595 712 3658; x_wconf 87' lang='lat' dir='ltr'><strong>enim</strong></span> <span class='ocrx_word' id='word_1_336' title='bbox 730 3615 787 3673; x_wconf 74' lang='lat' dir='ltr'><strong>ego</strong></span> <span class='ocrx_word' id='word_1_337' title='bbox 800 3614 874 3662; x_wconf 85' lang='lat' dir='ltr'><strong>som.</strong></span> <span class='ocrx_word' id='word_1_338' title='bbox 893 3593 943 3672; x_wconf 91' lang='lat' dir='ltr'><strong>qui</strong></span> <span class='ocrx_word' id='word_1_339' title='bbox 955 3594 1030 3676; x_wconf 84' lang='lat' dir='ltr'><strong>inter</strong></span> <span class='ocrx_word' id='word_1_340' title='bbox 1043 3587 1280 3656; x_wconf 86' lang='lat' dir='ltr'><strong>calumniatorem</strong></span> 
     </span>
     <span class='ocr_line' id='line_1_36' title="bbox 191 3674 1279 3764; baseline -0.001 -17"><span class='ocrx_word' id='word_1_341' title='bbox 191 3700 223 3748; x_wconf 91' lang='lat' dir='ltr'><strong>et</strong></span> <span class='ocrx_word' id='word_1_342' title='bbox 242 3686 414 3746; x_wconf 90' lang='lat' dir='ltr'><strong>monitorem</strong></span> <span class='ocrx_word' id='word_1_343' title='bbox 435 3685 588 3764; x_wconf 90' lang='lat' dir='ltr'><strong>plurimum</strong></span> <span class='ocrx_word' id='word_1_344' title='bbox 607 3674 746 3745; x_wconf 84' lang='lat' dir='ltr'><strong>interesse</strong></span> <span class='ocrx_word' id='word_1_345' title='bbox 767 3704 913 3745; x_wconf 87' lang='lat' dir='ltr'><strong>censeam.</strong></span> <span class='ocrx_word' id='word_1_346' title='bbox 954 3685 1031 3743; x_wconf 88' lang='lat' dir='ltr'><strong>Nam</strong></span> <span class='ocrx_word' id='word_1_347' title='bbox 1045 3686 1094 3748; x_wconf 90' lang='lat' dir='ltr'><strong>bic</strong></span> <span class='ocrx_word' id='word_1_348' title='bbox 1106 3687 1224 3764; x_wconf 88' lang='lat' dir='ltr'><strong>quidem</strong></span> <span class='ocrx_word' id='word_1_349' title='bbox 1238 3705 1279 3746; x_wconf 85' lang='lat' dir='ltr'><strong>ex</strong></span> 
     </span>
     <span class='ocr_line' id='line_1_37' title="bbox 191 3776 1279 3856; baseline -0.004 -16"><span class='ocrx_word' id='word_1_350' title='bbox 191 3779 395 3840; x_wconf 84' lang='lat' dir='ltr'><strong>benevolentia</strong></span> <span class='ocrx_word' id='word_1_351' title='bbox 414 3789 444 3836; x_wconf 91' lang='lat' dir='ltr'><strong>et</strong></span> <span class='ocrx_word' id='word_1_352' title='bbox 464 3776 630 3856; x_wconf 78' lang='lat' dir='ltr'><strong>reipublicae</strong></span> <span class='ocrx_word' id='word_1_353' title='bbox 650 3777 782 3838; x_wconf 81' lang='lat' dir='ltr'><strong>literariae</strong></span> <span class='ocrx_word' id='word_1_354' title='bbox 805 3778 901 3836; x_wconf 90' lang='lat' dir='ltr'><strong>studio</strong></span> <span class='ocrx_word' id='word_1_355' title='bbox 921 3787 1017 3836; x_wconf 86' lang='lat' dir='ltr'><strong>errata</strong></span> <span class='ocrx_word' id='word_1_356' title='bbox 1038 3777 1101 3837; x_wconf 89' lang='lat' dir='ltr'><strong>sine</strong></span> <span class='ocrx_word' id='word_1_357' title='bbox 1119 3777 1279 3836; x_wconf 85' lang='lat' dir='ltr'><strong>acerbitate</strong></span> 
     </span>
     <span class='ocr_line' id='line_1_38' title="bbox 152 3867 1279 3949; baseline -0.005 -17"><span class='ocrx_word' id='word_1_358' title='bbox 152 3937 154 3943; x_wconf 64' lang='grc'>,</span> <span class='ocrx_word' id='word_1_359' title='bbox 192 3872 278 3932; x_wconf 86' lang='lat' dir='ltr'><strong>animi</strong></span> <span class='ocrx_word' id='word_1_360' title='bbox 293 3881 323 3930; x_wconf 91' lang='lat' dir='ltr'><strong>et</strong></span> <span class='ocrx_word' id='word_1_361' title='bbox 335 3868 512 3948; x_wconf 84' lang='lat' dir='ltr'><strong>contumelia</strong></span> <span class='ocrx_word' id='word_1_362' title='bbox 523 3869 677 3928; x_wconf 89' lang='lat' dir='ltr'><strong>verborum</strong></span> <span class='ocrx_word' id='word_1_363' title='bbox 691 3867 878 3949; x_wconf 76' lang='lat' dir='ltr'><strong>reprehendit</strong></span> <span class='ocrx_word' id='word_1_364' title='bbox 890 3870 947 3946; x_wconf 63' lang='lat' dir='ltr'><strong>prr*</strong></span> <span class='ocrx_word' id='word_1_365' title='bbox 963 3869 1094 3946; x_wconf 71' lang='grc' dir='ltr'><strong>εἊέγχων</strong></span> <span class='ocrx_word' id='word_1_366' title='bbox 1107 3873 1152 3926; x_wconf 79' lang='grc' dir='ltr'><strong>καὶ</strong></span> <span class='ocrx_word' id='word_1_367' title='bbox 1168 3867 1279 3926; x_wconf 67' lang='lat' dir='ltr'><strong>deodri-</strong></span> 
     </span>
     <span class='ocr_line' id='line_1_39' title="bbox 191 3958 1279 4039; baseline -0.006 -18"><span class='ocrx_word' id='word_1_368' title='bbox 191 3969 275 4036; x_wconf 75' lang='grc' dir='ltr'>ξεωνι</span> <span class='ocrx_word' id='word_1_369' title='bbox 297 3962 345 4021; x_wconf 91' lang='lat' dir='ltr'><strong>ille</strong></span> <span class='ocrx_word' id='word_1_370' title='bbox 360 3981 397 4020; x_wconf 86' lang='lat' dir='ltr'><strong>ex</strong></span> <span class='ocrx_word' id='word_1_371' title='bbox 406 3959 514 4020; x_wconf 86' lang='lat' dir='ltr'><strong>invidia</strong></span> <span class='ocrx_word' id='word_1_372' title='bbox 532 3968 562 4019; x_wconf 87' lang='lat' dir='ltr'><strong>et</strong></span> <span class='ocrx_word' id='word_1_373' title='bbox 574 3959 643 4020; x_wconf 87' lang='lat' dir='ltr'><strong>odio</strong></span> <span class='ocrx_word' id='word_1_374' title='bbox 663 3971 699 4018; x_wconf 80' lang='lat' dir='ltr'><strong>et</strong></span> <span class='ocrx_word' id='word_1_375' title='bbox 711 3959 864 4039; x_wconf 85' lang='lat' dir='ltr'><strong>vituperat,</strong></span> <span class='ocrx_word' id='word_1_376' title='bbox 878 3958 981 4036; x_wconf 87' lang='lat' dir='ltr'><strong>quibus</strong></span> <span class='ocrx_word' id='word_1_377' title='bbox 994 3977 1055 4016; x_wconf 90' lang='lat' dir='ltr'><strong>non</strong></span> <span class='ocrx_word' id='word_1_378' title='bbox 1068 3959 1130 4018; x_wconf 89' lang='lat' dir='ltr'><strong>edit</strong></span> <span class='ocrx_word' id='word_1_379' title='bbox 1141 3959 1279 4018; x_wconf 88' lang='lat' dir='ltr'><strong>meliora:</strong></span> 
     </span>
     <span class='ocr_line' id='line_1_40' title="bbox 192 4047 1280 4132; baseline -0.008 -17"><span class='ocrx_word' id='word_1_380' title='bbox 192 4055 293 4115; x_wconf 90' lang='lat' dir='ltr'><strong>sedeo</strong></span> <span class='ocrx_word' id='word_1_381' title='bbox 306 4073 442 4132; x_wconf 88' lang='lat' dir='ltr'><strong>magnum</strong></span> <span class='ocrx_word' id='word_1_382' title='bbox 455 4053 547 4111; x_wconf 80' lang='lat' dir='ltr'><strong>virum</strong></span> <span class='ocrx_word' id='word_1_383' title='bbox 562 4071 594 4110; x_wconf 90' lang='lat' dir='ltr'><strong>se</strong></span> <span class='ocrx_word' id='word_1_384' title='bbox 608 4051 699 4110; x_wconf 89' lang='lat' dir='ltr'><strong>visum</strong></span> <span class='ocrx_word' id='word_1_385' title='bbox 714 4051 748 4110; x_wconf 92' lang='lat' dir='ltr'><strong>iri</strong></span> <span class='ocrx_word' id='word_1_386' title='bbox 762 4061 856 4131; x_wconf 88' lang='lat' dir='ltr'><strong>putat,</strong></span> <span class='ocrx_word' id='word_1_387' title='bbox 870 4051 895 4109; x_wconf 88' lang='lat' dir='ltr'><strong>si</strong></span> <span class='ocrx_word' id='word_1_388' title='bbox 908 4069 958 4110; x_wconf 90' lang='lat' dir='ltr'><strong>eos</strong></span> <span class='ocrx_word' id='word_1_389' title='bbox 971 4049 1105 4120; x_wconf 88' lang='lat' dir='ltr'><strong>incessat,</strong></span> <span class='ocrx_word' id='word_1_390' title='bbox 1120 4050 1224 4128; x_wconf 91' lang='lat' dir='ltr'><strong>quibus</strong></span> <span class='ocrx_word' id='word_1_391' title='bbox 1236 4047 1280 4105; x_wconf 86' lang='lat' dir='ltr'><strong>in·</strong></span> 
     </span>
     <span class='ocr_line' id='line_1_41' title="bbox 192 4140 1280 4224; baseline -0.01 -17"><span class='ocrx_word' id='word_1_392' title='bbox 192 4148 268 4224; x_wconf 81' lang='lat' dir='ltr'><strong>genii</strong></span> <span class='ocrx_word' id='word_1_393' title='bbox 289 4147 465 4204; x_wconf 85' lang='lat' dir='ltr'><strong>monimenta</strong></span> <span class='ocrx_word' id='word_1_394' title='bbox 477 4143 597 4202; x_wconf 87' lang='lat' dir='ltr'><strong>nominis</strong></span> <span class='ocrx_word' id='word_1_395' title='bbox 610 4143 719 4222; x_wconf 90' lang='lat' dir='ltr'><strong>aliquid</strong></span> <span class='ocrx_word' id='word_1_396' title='bbox 733 4154 763 4201; x_wconf 87' lang='lat' dir='ltr'><strong>et</strong></span> <span class='ocrx_word' id='word_1_397' title='bbox 783 4143 885 4224; x_wconf 87' lang='lat' dir='ltr'><strong>gratiae</strong></span> <span class='ocrx_word' id='word_1_398' title='bbox 899 4152 930 4201; x_wconf 90' lang='lat' dir='ltr'><strong>et</strong></span> <span class='ocrx_word' id='word_1_399' title='bbox 950 4141 1112 4200; x_wconf 88' lang='lat' dir='ltr'><strong>autoritatis</strong></span> <span class='ocrx_word' id='word_1_400' title='bbox 1127 4140 1213 4199; x_wconf 83' lang='lat' dir='ltr'><strong>etiam</strong></span> <span class='ocrx_word' id='word_1_401' title='bbox 1226 4157 1280 4217; x_wconf 88' lang='lat' dir='ltr'><strong>pe·</strong></span> 
     </span>
     <span class='ocr_line' id='line_1_42' title="bbox 192 4231 1280 4318; baseline -0.005 -22"><span class='ocrx_word' id='word_1_402' title='bbox 192 4250 339 4318; x_wconf 86' lang='lat' dir='ltr'><strong>pereruut.</strong></span> <span class='ocrx_word' id='word_1_403' title='bbox 360 4236 446 4296; x_wconf 88' lang='lat' dir='ltr'><strong>Vale.</strong></span> <span class='ocrx_word' id='word_1_404' title='bbox 489 4238 633 4313; x_wconf 79' lang='lat' dir='ltr'><strong>Augustae</strong></span> <span class='ocrx_word' id='word_1_405' title='bbox 644 4235 869 4295; x_wconf 79' lang='lat' dir='ltr'><strong>vindelicorum.</strong></span> <span class='ocrx_word' id='word_1_406' title='bbox 884 4233 1041 4294; x_wconf 85' lang='lat' dir='ltr'><strong>v111.Cal.</strong></span> <span class='ocrx_word' id='word_1_407' title='bbox 1061 4231 1145 4304; x_wconf 88' lang='lat' dir='ltr'><strong>Maii,</strong></span> <span class='ocrx_word' id='word_1_408' title='bbox 1160 4232 1280 4291; x_wconf 83' lang='lat' dir='ltr'><strong>Annos</strong></span> 
     </span>
     <span class='ocr_line' id='line_1_43' title="bbox 193 4326 921 4405; baseline 0 -19"><span class='ocrx_word' id='word_1_409' title='bbox 193 4331 324 4390; x_wconf 87' lang='lat' dir='ltr'><strong>restituta</strong></span> <span class='ocrx_word' id='word_1_410' title='bbox 333 4329 460 4388; x_wconf 89' lang='lat' dir='ltr'><strong>humano</strong></span> <span class='ocrx_word' id='word_1_411' title='bbox 475 4327 574 4405; x_wconf 79' lang='lat' dir='ltr'><strong>generi</strong></span> <span class='ocrx_word' id='word_1_412' title='bbox 588 4326 692 4398; x_wconf 86' lang='lat' dir='ltr'><strong>salute,</strong></span> <span class='ocrx_word' id='word_1_413' title='bbox 707 4345 743 4389; x_wconf 78' lang='lat' dir='ltr'><strong>ns,</strong></span> <span class='ocrx_word' id='word_1_414' title='bbox 752 4345 783 4388; x_wconf 86' lang='lat' dir='ltr'><strong>n.</strong></span> <span class='ocrx_word' id='word_1_415' title='bbox 799 4343 921 4386; x_wconf 73' lang='lat' dir='ltr'><strong>aaran.</strong></span> 
     </span>
    </p>
   </div>
   <div class='ocr_carea' id='block_1_3' title="bbox 238 4597 770 4676">
    <p class='ocr_par' dir='ltr' id='par_1_3' title="bbox 238 4597 770 4676">
     <span class='ocr_line' id='line_1_44' title="bbox 238 4597 770 4676; baseline -0.011 0"><span class='ocrx_word' id='word_1_416' title='bbox 238 4634 314 4676; x_wconf 81' lang='lat' dir='ltr'><strong>von.</strong></span> <span class='ocrx_word' id='word_1_417' title='bbox 329 4635 351 4676; x_wconf 85' lang='lat'><strong>1.</strong></span> <span class='ocrx_word' id='word_1_418' title='bbox 663 4597 667 4612; x_wconf 71' lang='grc'><strong>’</strong></span> <span class='ocrx_word' id='word_1_419' title='bbox 752 4615 770 4670; x_wconf 81' lang='lat' dir='ltr'><strong>lt</strong></span> 
     </span>
    </p>
   </div>
   <div class='ocr_carea' id='block_1_4' title="bbox 0 0 1605 5125">
    <p class='ocr_par' dir='ltr' id='par_1_4' title="bbox 0 0 1605 5125">
     <span class='ocr_line' id='line_1_45' title="bbox 0 0 1605 5125; baseline 0 0"><span class='ocrx_word' id='word_1_420' title='bbox 0 0 1605 5125; x_wconf 95' lang='lat' dir='ltr'><strong> </strong></span> 
     </span>
    </p>
   </div>
  </div>
 </body>
</html>
