3150 5125
307 398 432 489 exon
642 412 816 484 tarsun
838 412 1068 483 rnarnrto

316 578 378 639 iido
390 576 556 657 impostore,
576 574 665 637 falsos
679 593 783 637 numos
801 595 825 637 s·
840 596 873 638 se
884 589 981 649 drsos‘,
995 577 1070 639 falsa
1083 576 1243 657 signasse
1258 579 1350 649 iacta,
1365 598 1427 657 pro

315 671 390 730 veris
404 668 531 749 antiquis
541 668 721 741 venditante,
735 668 826 727 illudi.
868 670 936 749 Ego
948 690 1020 731 vero
1033 671 1123 730 homo
1135 671 1273 754 simplex,
1288 672 1423 750 anfiquae

253 830 255 837 ,
308 761 395 833 'fidei
415 761 439 820 si
461 760 532 840 quid
551 760 610 819 tale
632 770 723 839 patro,
748 762 864 821 sublata
882 781 958 822 voce
981 763 1093 823 clamo:
1120 764 1185 820 Huc
1209 765 1343 822 adestote.
1369 765 1422 821 lac

203 922 213 941 Ι
306 872 402 912 'meam
410 860 461 921 est,
474 853 521 909 loc
535 852 596 909 olim
600 853 674 930 suit.
685 862 807 929 pestate
820 874 898 924 nunc,
914 863 942 912 et
952 856 1067 931 prebuit
1080 862 1173 913 utrum
1184 857 1324 914 mavultis.
1353 854 1420 913 Mi-

306 954 394 1007 ·seret
413 962 460 1004 me
480 944 627 1002 hominnm
650 944 752 1004 nescio
771 945 933 1023 ignaviaene
947 946 1043 1005 dicam
1063 964 1101 1005 an
1124 946 1298 1017 calliditatis,
1315 948 1363 1025 qni
1378 967 1419 1005 ex

308 1056 354 1097 eo
372 1030 522 1115 gloriolam
543 1046 673 1114 captent,
689 1036 712 1094 si
727 1046 874 1095 vetustum
893 1037 1012 1116 aliquod
1032 1038 1209 1117 exemplum,
1220 1039 1347 1098 auctoris
1365 1039 1420 1096 aii-

306 1132 402 1209 cujus
413 1128 492 1209 typis
508 1146 646 1187 excusum
661 1148 726 1187 cum
742 1130 931 1208 typographis
944 1129 975 1187 in
987 1148 1091 1188 manus
1103 1129 1254 1189 dedissent
1267 1130 1416 1189 recuden-

264 1280 270 1288 ,
307 1222 398 1293 dum,
412 1220 527 1280 tametsi
545 1240 603 1279 non
614 1222 863 1299 recognovissent,
877 1232 974 1280 tamen
988 1240 1095 1280 numen
1109 1241 1192 1280 suum
1213 1222 1413 1301 praescribant,

309 1315 445 1375 editores
459 1332 493 1373 se
505 1322 618 1391 gerant.
651 1312 798 1373 Mentiris
811 1314 942 1393 quisquis
955 1332 997 1384 es,
1013 1314 1063 1393 qui
1083 1314 1243 1372 emtoribus
1263 1313 1305 1372 sic
1322 1314 1415 1393 impo-

313 1408 371 1466 nis.
411 1404 515 1464 Editor
528 1418 561 1463 tu
574 1422 633 1462 non
646 1422 688 1474 es,
703 1404 755 1464 sed
768 1417 871 1464 auctor
882 1404 962 1465 fuisti
976 1404 1160 1485 typographo
1173 1406 1344 1475 recudendi,
1360 1427 1410 1465 no-

313 1518 382 1557 men
396 1508 478 1557 tuum
484 1494 652 1574 bibliopolae
661 1496 827 1568 vendidisti,
841 1518 900 1576 quo
909 1497 1080 1556 vendibilius
1089 1516 1170 1556 merx
1183 1508 1306 1556 recocta
1319 1510 1405 1557 esset

315 1590 488 1670 Typothetae
507 1592 631 1663 majores
653 1587 812 1647 habeamus
833 1589 969 1648 editionis
989 1589 1140 1665 ejusmodi,
1155 1607 1242 1668 quam
1261 1590 1326 1659 tibi,
1348 1608 1409 1667 gra

313 1682 380 1741 tias.
422 1680 528 1738 Editor
545 1678 569 1737 is
590 1678 706 1737 demum
726 1690 780 1751 est,
795 1680 855 1759 qui,
876 1682 957 1739 nulla
974 1681 1079 1740 ductus
1097 1682 1270 1741 suctontate
1283 1682 1410 1760 quamvis

313 1772 411 1851 magni
425 1770 555 1841 nominis,
567 1780 679 1829 textum
694 1772 733 1830 ad
746 1776 979 1834 membranarum
994 1784 1025 1832 et
1038 1773 1273 1851 primigenitorum
1287 1793 1305 1833 e
1318 1793 1407 1833 mem-

313 1863 412 1925 branis
425 1863 577 1921 ductarum
596 1862 755 1923 editionum
769 1864 856 1923 fidem
870 1866 1080 1945 veritatemque
1092 1854 1219 1936 revdcet,
1234 1866 1329 1926 et'ubi
1343 1866 1406 1924 hec

248 2006 250 2009 .
305 1955 486 2016 adminicula
499 1954 634 2014 sanandis
652 1954 726 2015 vitiis
740 1956 827 2016 haud*
840 1958 989 2028 sufficiant,
1010 1969 1072 2019 tum
1093 1958 1212 2019 demum
1229 1961 1267 2019 ab
1288 1959 1406 2039 ingenio

147 2036 153 2049 ’
311 2058 365 2107 aut
374 2066 440 2121 suo,
454 2054 504 2105 aut
516 2044 621 2119 alieno,
637 2065 695 2126 qua
707 2058 787 2127 pote,
802 2069 888 2128 opem
904 2061 992 2129 petat.

703 2402 832 2469 SECT.
857 2404 1005 2469 XXIV.

307 2621 314 2632 ·
386 2585 439 2644 ‘Dc
458 2587 565 2647 salioru
578 2585 768 2646 Demosthenis
779 2609 796 2645 e
807 2553 1006 2666 comparatione
1018 2609 1081 2649 cum
1093 2592 1155 2649 aliis
1168 2592 1325 2652 maridas
1375 2622 1377 2625 ·

777 2695 942 2752 emendandi.

307 2891 310 2900 ’
352 2873 418 2933 Sur>
432 2891 517 2951 paene
531 2873 637 2932 oblitus
659 2891 738 2932 eram
751 2873 850 2948 fontis,
864 2873 913 2950 qui
928 2893 1002 2932 unus
1014 2873 1109 2934 adhuc
1130 2874 1265 2955 superest
1277 2895 1399 2935 mmmc-

304 2959 474 3034 morandus,
489 2963 568 3022 unde
582 2965 795 3024 Demosthenes
810 2963 955 3023 emendari
977 2977 1084 3045 potest.
1128 2969 1274 3026 Auctores
1292 2967 1399 3025 bisunt

307 3065 431 3125 veteres,
445 3055 685 3132 grammaticiqus
706 3065 736 3113 et
756 3053 969 3134 lexicographi,
986 3057 1193 3119 Demosthenis
1208 3059 1291 3119 locos
1304 3059 1399 3137 saepis-

305 3149 380 3208 sime
402 3147 574 3205 excitantes.
615 3145 658 3202 Hi
678 3155 746 3204 sunt
768 3145 925 3224 Dionysius
950 3148 1226 3223 Halicarnassensis,
1248 3151 1396 3218 Aristides,

308 3239 479 3306 Athenaeus,
495 3236 710 3314 Hermogenes,
725 3247 756 3296 at
770 3257 870 3297 omnes
881 3241 1127 3321 ejusinterpretes
1140 3254 1264 3314 veteres,
1279 3243 1396 3322 Etyma·
1562 3280 1563 3305 t

306 3333 391 3411 logos
412 3339 443 3388 et
461 3337 536 3386 totus
555 3348 630 3406 grex
650 3329 880 3401 scholiastarum,
901 3333 1077 3403 criticorum,
1095 3334 1305 3413 philologorum
1318 3345 1396 3393 vete·
1562 3378 1563 3401 ,

305 3443 381 3484 rum.
423 3421 546 3480 Fontem
560 3421 639 3481 hunc
652 3441 818 3500 quanquam
833 3423 997 3482 adhucdum
1012 3425 1093 3485 adire
1106 3427 1175 3486 mibi
1188 3447 1241 3506 per
1254 3429 1397 3504 angustias
1562 3424 1563 3479 i

304 3515 445 3596 temporis
463 3513 591 3592 aliasque
605 3533 690 3574 curas
704 3535 763 3574 non
783 3515 878 3586 licuit,
890 3517 1017 3590 (tametsi
1031 3518 1107 3576 haud
1120 3517 1315 3597 perfunctorie
1328 3519 1397 3576 Dio·
1561 3506 1563 3537 *

284 3603 420 3688 ,nysium
435 3605 723 3666 Halicarnassensem
738 3617 769 3665 et
780 3605 940 3665 Aristidem
953 3627 1021 3666 cum
1036 3609 1233 3669 Demosthene
1247 3609 1396 3684 contendi)
1561 3614 1563 3747 p

304 3713 336 3763 et
350 3719 523 3782 quamquam
537 3699 685 3777 ingenium
703 3699 771 3758 mihi
794 3719 813 3758 a
826 3709 929 3758 natura
941 3700 1063 3778 contigit
1082 3701 1119 3760 ab
1138 3701 1197 3760 hoc
1217 3720 1326 3780 genere
1339 3701 1400 3758 dili-

304 3793 412 3874 gentiae
427 3791 593 3858 abhorrens,
609 3789 688 3870 quod
707 3791 738 3850 in
758 3789 929 3862 lectitando,
944 3803 975 3850 et
988 3793 1157 3852 annotando
1170 3803 1202 3852 et
1214 3792 1396 3852 conferendo

303 3889 378 3948 inter
395 3905 427 3945 se
441 3885 524 3944 locos
538 3883 645 3942 similes
660 3883 806 3952 cernitur;
830 3894 862 3942 et
880 3903 1053 3962 quamquam
1068 3884 1134 3943 fons
1147 3884 1196 3944 hic
1210 3903 1295 3963 paene
1314 3884 1395 3943 inex·

303 3981 424 4040 haustus
439 3987 493 4047 est,
507 3985 540 4033 ut
552 3976 766 4035 contentionem
781 3975 965 4034 humerorum
980 3976 1094 4056 quotvis
1109 3977 1155 4034 vel
1175 3976 1394 4035 iustissimorum

301 4085 401 4134 temen
421 4069 536 4127 vincere
556 4067 698 4138 videatur,
724 4067 836 4126 etiamsi
855 4067 907 4128 diu
925 4079 1076 4147 noctuque
1096 4068 1159 4126 sine
1182 4066 1392 4126 intermissione

301 4165 381 4224 illinc
394 4160 544 4221 hauriant:
568 4159 643 4218 dabo
657 4170 755 4218 tamen
769 4177 888 4236 operam
902 4159 931 4217 in
945 4171 1067 4238 unoque
1081 4160 1165 4229 libro,
1179 4170 1211 4217 et
1222 4159 1392 4218 vadantium

299 4257 470 4339 lectionum,
484 4262 515 4312 et
529 4251 808 4311 animadversionum
822 4269 962 4321 mearum,
979 4263 1012 4308 ut
1025 4253 1112 4310 etiarn
1125 4251 1205 4309 bunc
1218 4251 1325 4310 fontem
1340 4271 1392 4309 ne·

300 4368 359 4427 que
372 4346 531 4425 ignorasse,
546 4363 642 4422 neque
657 4341 799 4401 devitasse
810 4353 865 4414 ,aut
883 4342 1136 4422 insuperhabuisse
1150 4342 1260 4413 videar,
1279 4342 1393 4405 tametsi

257 4439 261 4446 '
299 4458 434 4516 magnam
448 4435 599 4496 mater-ium
620 4435 704 4510 hujus
724 4435 840 4513 generis
859 4436 1053 4514 postventuris
1072 4435 1209 4495 intectam
1223 4436 1393 4513 relinquam.

299 4531 529 4592 Demosthenem
547 4528 639 4588 edere
660 4547 715 4608 pro
734 4527 876 4608 dignitate
896 4529 950 4610 rei,
971 4529 1094 4609 perinde
1114 4539 1202 4609 atque
1216 4531 1392 4602 Homerum,
