3150 5125
293 380 334 443 u«
527 334 529 339 ’
606 376 864 451 urnnouuru
884 374 1041 439 uoaau
1129 433 1132 444 .

289 534 501 615 ignorationes,
516 552 584 594 cum
596 550 708 607 eornm,
729 552 798 613 quae
816 533 941 595 fertura
953 551 1014 591 non
1032 528 1110 590 male
1123 526 1257 600 diximus,
1276 546 1314 589 ac
1326 526 1400 588 dili·

292 638 398 707 genter
418 626 638 705 explicavimus,¹
658 625 845 687 multitudine
866 642 1045 705 comparare.
1088 623 1189 701 Atque
1209 620 1275 681 bne
1294 619 1333 680 ad
1348 621 1399 680 le·

291 732 389 783 atores
403 720 463 779 sive
477 738 616 790 moresca,
631 718 692 779 aive
712 717 835 789 invidos,
847 717 909 777 sire
922 716 1011 777 etiam
1030 714 1189 793 imperitos,
1201 712 1250 772 rel
1268 731 1395 772 monan-

165 841 169 846 ·
218 813 224 821 “
294 813 358 883 dos,
371 812 419 872 vel
432 810 602 891 placandos,
622 811 647 871 si
667 810 738 889 quid
755 809 832 887 oequi
851 830 871 869 a
891 829 926 870 se
944 807 1094 888 impetrari
1111 806 1217 877 sinent,
1241 806 1391 885 pertinere

292 904 369 977 yolo.
411 903 488 963 Nem
502 904 583 983 quod
597 902 636 963 nd
649 913 731 962 tuum
746 900 784 961 de
797 900 996 980 mejudicium
1018 899 1132 971 attinet,
1144 898 1188 958 rir
1200 898 1390 989 amplissime,

252 1070 257 1079 ι
293 996 392 1055 animo
413 1014 477 1055 aum
497 1006 528 1055 et
541 1014 646 1056 aecuro
666 1006 698 1055 et
710 1012 828 1073 magno.
867 994 928 1062 Qui
938 1013 1006 1054 cum
1017 992 1130 1072 pridem
1142 1001 1277 1051 conamur

292 1088 363 1149 bani
383 1086 561 1148 consulueris
580 1087 674 1147 minus
694 1086 867 1159 absolutum,
886 1086 975 1165 idque
992 1085 1121 1146 moribus
1140 1094 1172 1145 at
1193 1082 1296 1143 naun
1314 1084 1389 1143 meis

291 1180 422 1245 ucndum
435 1180 477 1241 ita
490 1178 670 1259 perspectis:
691 1178 779 1257 plane
793 1178 969 1257 desiperem,
980 1179 1085 1258 sipost
1097 1187 1209 1237 tmtrrm
1221 1196 1240 1237 a
1251 1195 1300 1237 me
1310 1196 1390 1235 nune

291 1271 452 1339 adhibitum
464 1270 600 1341 studium,
612 1279 642 1329 et
655 1280 715 1329 tarn
728 1270 908 1330 luculentam
922 1270 1085 1329 orationum
1098 1279 1188 1348 atque
1200 1266 1388 1348 epistolarum

292 1363 436 1423 AEschinia
455 1362 739 1439 secessionemque
753 1362 871 1440 quidam
882 1362 1076 1423 Demostheni
1085 1380 1223 1441 magnam
1234 1361 1340 1430 lucem,
1354 1370 1388 1419 et

291 1454 444 1515 utilitatem
457 1454 615 1515 lectoribus
634 1453 714 1513 haud
729 1454 867 1532 exiguam
881 1472 949 1514 cum
962 1454 1026 1533 pari
1038 1453 1188 1534 voluptate
1198 1444 1387 1530 conjnnntam

291 1548 414 1608 afferent
426 1550 475 1627 (ne
486 1546 699 1619 annotationes,
721 1546 836 1625 aliaque
849 1547 1001 1627 complura
1020 1549 1265 1620 commemorem),
1277 1545 1316 1606 de
1334 1557 1386 1605 tus

291 1658 364 1717 erga
383 1659 432 1699 me
452 1650 483 1699 et
503 1640 719 1699 lucubrationes
738 1656 820 1699 meaa
838 1638 987 1698 voluntate
1005 1638 1179 1699 dubitarem.
1219 1638 1385 1697 Praesertim

256 1780 263 1789 .
291 1748 358 1789 cum
371 1749 431 1789 non
450 1730 531 1809 parri
551 1730 691 1809 temporis
706 1730 870 1792 domestica
888 1729 1107 1802 consuetudine,
1131 1750 1199 1791 cum
1218 1730 1334 1791 catoris
1351 1730 1385 1789 in

289 1821 379 1899 rebus
392 1820 586 1881 excellentem
599 1821 744 1893 vimutem,
759 1840 796 1883 ae
813 1822 921 1900 ingenii
941 1821 1151 1900 praestantiam,
1169 1833 1232 1881 tum
1249 1822 1382 1883 hermeni-

289 1921 379 1971 tutam
393 1923 473 1971 tuam
486 1912 517 1971 in
529 1923 611 1973 tanto
624 1912 750 1973 fortunae
767 1913 886 1992 faetigio
904 1912 1112 1985 admirandam,
1124 1932 1232 1994 magu
1249 1934 1318 1975 cum
1330 1934 1382 1974 vo·

289 2003 401 2083 luptate
420 2012 451 2063 et
470 2003 571 2065 fructu
590 2021 657 2065 men
677 2024 737 2065 non
757 2006 928 2085 pmnitendo
945 2005 1103 2083 cognorim.
1143 2006 1250 2086 Itaque
1270 2006 1382 2067 Dame-

290 2096 410 2169 etbenea
420 2116 511 2176 opera
524 2116 592 2157 mea
599 2116 676 2157 nunc
686 2096 804 2159 tandem
815 2098 958 2170 AEacbini,
969 2097 1078 2158 abolito
1088 2097 1140 2157 illo
1148 2098 1240 2159 reteri
1251 2098 1382 2170 odiera-

289 2188 459 2248 conciliatua
479 2200 567 2267 atque
587 2194 769 2266 conjunctus,
784 2190 882 2251 denno
893 2208 927 2250 re
939 2201 992 2251 tuo
1004 2190 1168 2270 patrocinio
1180 2190 1382 2251 commendat:

288 2278 319 2341 in
329 2298 382 2359 spe
395 2280 506 2359 optima
519 2282 600 2352 sitos,
615 2293 646 2341 te
657 2282 745 2341 talem
756 2281 894 2342 clientem
903 2300 961 2342 neo
967 2294 1195 2361 aspernatumm,
1203 2302 1298 2363 neque
1307 2302 1383 2362 neg·

289 2371 445 2441 lecturum,
466 2373 521 2433 aed
533 2390 570 2431 eo
592 2374 759 2433 habiturum
777 2394 843 2437 esse
862 2374 940 2446 loco,
960 2394 1020 2453 quo
1041 2394 1074 2437 se
1095 2376 1213 2455 dignum
1230 2376 1380 2451 iudicaris.

290 2462 425 2533 Tantum¹
441 2475 539 2522 autem
564 2475 616 2525 tuo
636 2466 780 2525 acerrimo
792 2467 907 2541 judicio
917 2467 1026 2539 tribuit,
1039 2476 1074 2527 ut
1085 2469 1109 2529 si
1121 2470 1381 2529 exeebandeztunr

288 2554 538 2634 probatuaiuerit,
558 2567 732 2616 ceterorum
756 2558 884 2619 munium
906 2559 1139 2622 malevolentiam
1152 2562 1380 2622 etobmectatie·

288 2665 342 2704 nes
355 2645 453 2706 animo
464 2647 629 2726 equissimo
647 2660 677 2709 et
696 2650 823 2710 maximo
839 2662 1028 2712 contemnere
1041 2653 1213 2714 decreverit.
1254 2653 1380 2720 Quodsi

286 2737 359 2798 illud
372 2749 479 2817 proeter
499 2759 580 2820 spem
603 2741 742 2817 evenerit,
756 2753 791 2801 ut
802 2753 834 2802 et
845 2743 943 2803 invida
962 2747 1191 2806 obtrectatorum
1214 2764 1267 2805 cra
1286 2746 1381 2806 conti·

188 2869 191 2881 ·
287 2841 417 2902 caecant,
432 2842 464 2890 et
477 2831 566 2910 aliqui
578 2833 736 2892 candorem
750 2833 922 2895 viriabonie
945 2845 977 2895 et
996 2837 1090 2898 doctis
1110 2837 1230 2916 &pum
1248 2837 1279 2898 in
1297 2839 1380 2916 judi·

205 2989 213 2998 ,
287 2924 383 2996 cando
407 2923 576 2994 edbibeant,
600 2941 638 2982 ea
655 2924 781 2986 felicitas
799 2945 858 2985 non
872 2939 933 2987 tam
945 2927 1093 2990 industriae
1111 2949 1195 3004 mare,
1207 2949 1295 3011 quam
1306 2931 1381 2992 libe·

287 3014 392 3081 relitati
404 3025 464 3074 tute
478 3015 534 3074 erit
547 3014 756 3076 adscribenda:
777 3038 835 3097 qua
846 3019 957 3082 fectum
971 3032 1078 3094 arnna,
1089 3026 1155 3103 plur
1166 3023 1315 3104 tranquilli
1327 3024 1378 3084 orii
1502 3070 1506 3076 ,

287 3114 401 3177 nactus,
417 3106 583 3184 expandere
605 3107 702 3167 omnia
715 3108 881 3189 diligentius
903 3123 935 3172 et
955 3115 1102 3195 perpolite
1123 3135 1249 3194 possem
1289 3117 1378 3182 Quod

285 3197 328 3257 ita
346 3197 411 3257 sora
434 3210 467 3257 ut
487 3199 605 3260 credam
625 3199 870 3264 fortunatissimus
895 3213 962 3268 tuus
985 3207 1087 3286 mnino
1110 3207 1206 3281 efficit,
1227 3208 1378 3269 etrirtute

229 3319 236 3326 -
285 3299 374 3366 atque
394 3289 513 3368 ingenio
530 3291 583 3352 tibi
603 3303 688 3371 parta
707 3295 866 3358 autoritaar
887 3317 1009 3378 quarum
1026 3319 1123 3360 rerum
1142 3301 1221 3362 aiax
1232 3301 1379 3362 ubertim

285 3391 339 3442 tuo
351 3378 432 3441 fonte
445 3383 491 3442 vel
504 3394 623 3446 tenuem
637 3385 781 3448 alveolum
800 3389 831 3448 in
852 3401 970 3453 nostroe
986 3393 1099 3472 agellos
1120 3393 1269 3465 derimria,
1291 3394 1377 3454 leatus

254 3515 257 3526 ,
285 3473 399 3538 bonesti
421 3477 543 3538 nominis
562 3477 674 3540 fructur
705 3481 862 3560 aliquando
881 3484 1084 3563 percipiemus.
1136 3487 1279 3565 Augustis
1302 3485 1374 3544 Vm·

286 3564 456 3641 delicatum,
477 3587 516 3630 ex
535 3569 715 3634 bibliotheca
727 3584 787 3634 tua.
827 3572 927 3634 Idibus
939 3575 1074 3655 Augruti,
1086 3578 1175 3638 natali
1187 3597 1270 3639 meo:
1283 3579 1378 3638 aena

288 3663 378 3724 1558.

497 3889 882 3971 HIERONYMUS
906 3895 1163 3974 WOLFIUS

156 4030 159 4036 ·
284 3997 701 4120 ιιιιήωχωιιι,ριειωοριεω
714 4047 886 4104 timeum
899 4046 1028 4121 neem,
1041 4048 1243 4126 uoamgeaa
1257 4050 1374 4128 erycen

774 4169 800 4209 8·
822 4171 855 4212 D·

326 4263 496 4324 Srscrrrsu
514 4264 571 4325 boc
588 4263 827 4352 Demosthenicae
848 4269 1052 4347 recognitionis
1072 4279 1102 4330 et
1121 4268 1320 4351 explicationis
1333 4268 1373 4328 ad

283 4364 324 4423 te,
340 4353 437 4430 frater,
454 4378 490 4418 eo
509 4358 626 4418 nomine
640 4357 765 4420 maxime
778 4379 856 4420 nune
869 4361 1041 4421 mittendum
1055 4383 1123 4423 esse
1136 4363 1223 4430 duxi:
1244 4373 1276 4421 ut
1289 4380 1329 4419 ex
1342 4370 1374 4420 te

283 4444 389 4525 potius,
408 4460 441 4508 ut
459 4451 587 4514 candido
607 4462 639 4513 et
658 4471 761 4514 severo
775 4452 887 4528 judice,
908 4454 978 4534 quid
995 4455 1027 4515 in
1045 4455 1102 4517 hoc
1122 4468 1231 4519 conatu
1249 4473 1316 4516 meo
1328 4454 1393 4516 vel·
