3150 5125
307 388 318 447 r
395 379 414 402 ··
468 370 476 379 ’
635 385 1079 463 runuournnuonrn.
1132 442 1139 450 .
1192 398 1208 451 ·.
1337 386 1348 395 ·

305 537 447 619 ionariis,
461 538 597 601 virtutem
610 548 642 599 et
654 540 845 620 sapientiam:
864 560 960 619 neque
972 538 1216 607 doemonum
1227 536 1331 614 toltum,
1344 542 1404 603 sed

307 642 370 695 tom
380 629 434 711 ipsi
447 631 607 693 eruditione
618 632 757 704 floreatis,
766 644 830 695 tum
843 634 948 693 liberos
959 644 1071 693 vestros
1081 633 1119 695 ab
1131 632 1252 695 ineunte
1264 645 1352 697 etate
1363 636 1403 696 lio

306 723 445 785 nuditer
458 723 567 785 uultui
580 724 707 787 eureus:
728 736 761 785 ut
774 726 906 787 omnbus
919 736 950 785 et
963 726 1052 785 enimi
1066 736 1098 785 et
1110 724 1236 788 fortune
1252 726 1336 793 bouis
1348 748 1404 789 eu·

306 816 407 877 mulau'
429 816 504 877 siut:
524 827 555 876 et
572 816 688 879 bomine
710 818 845 899 pmdenti
866 818 994 879 maximo
1018 818 1136 897 diguam
1159 820 1401 895 moderationem

307 928 366 987 qua
373 928 433 969 una
444 919 475 971 et
487 909 547 969 Dei
561 920 593 969 et
605 910 731 979 fortuna
740 922 773 971 et
785 910 935 971 bominum
944 911 1027 971 farm
1039 921 1101 972 tom
1114 923 1242 991 parator,
1255 922 1320 971 tum
1332 930 1402 973 con·
1417 970 1424 978 .

188 1082 194 1089 Ι
306 1014 447 1076 serratm,
462 1014 560 1064 restro
576 1006 711 1085 exemplo
725 1006 843 1066 discant
854 1025 891 1067 oo
900 1005 1062 1067 retineant:
1075 1017 1106 1066 et
1117 1005 1174 1066 hac
1185 1006 1247 1065 vita
1257 1005 1303 1065 sic
1315 1016 1401 1067 utan-

306 1108 365 1169 tur,
384 1108 420 1157 ut
438 1098 534 1157 beator
550 1098 768 1159 immortalitat'u
788 1118 870 1178 opem
890 1099 1000 1159 hubere
1020 1098 1142 1178 possint.
1181 1101 1257 1189 Qua
1272 1118 1339 1159 cum
1360 1099 1403 1161 ita

306 1190 374 1263 siut,
389 1191 506 1261 omuino
527 1190 596 1249 mibi
616 1192 789 1271 persuadeo,
803 1192 847 1253 vir
864 1190 1055 1264 ornatissime,
1077 1202 1106 1252 te
1125 1210 1224 1252 meum
1242 1192 1305 1253 boc
1316 1212 1400 1272 opu,

307 1302 415 1361 magno
434 1283 531 1343 studio
551 1302 586 1345 ac
605 1283 706 1344 labore
723 1283 861 1364 (quiquis
879 1284 1001 1344 tandem
1023 1284 1061 1343 sit
1081 1293 1212 1355 eventus,
1235 1303 1324 1364 quem
1341 1302 1400 1345 nou

307 1377 414 1436 malum
435 1376 497 1435 sore
511 1386 541 1436 et
554 1388 626 1460 opto
639 1388 670 1437 et
683 1380 780 1457 spero)
799 1376 979 1447 confecttrm,
1000 1376 1077 1455 requi
1096 1376 1225 1455 bonique
1236 1376 1398 1439 incursum:

307 1480 340 1529 et
352 1470 382 1529 in
395 1468 627 1550 splendidissima
639 1470 817 1529 bibliotheca
829 1480 890 1540 toa,
900 1488 988 1549 quam
1001 1469 1115 1547 magnis
1125 1469 1267 1529 sumtibus
1276 1468 1306 1527 in
1315 1468 1402 1529 ltalia

308 1580 493 1642 comparasse
504 1562 621 1633 diceris,
631 1561 804 1621 instructam
817 1561 915 1620 multis
924 1560 1052 1640 egregiis
1064 1560 1153 1632 libris,
1167 1561 1217 1640 qui
1230 1561 1372 1621 hactenus
1381 1578 1403 1622 a

307 1655 408 1733 paucis
428 1667 495 1714 sunt
514 1653 578 1725 risi,
598 1654 687 1713 lorino
704 1651 899 1713 Demostheni
918 1652 1029 1732 aliquid
1049 1653 1108 1713 loci
1128 1653 1281 1713 detrorum:
1304 1663 1400 1713 etms

307 1766 453 1807 unacum
473 1757 577 1826 patruo
601 1757 654 1806 tuo
669 1747 798 1817 Antonio,
820 1764 840 1805 a
857 1745 954 1805 latinis
973 1745 1064 1805 literis
1086 1765 1145 1805 noo
1167 1745 1345 1817 abhorrenti,
1366 1755 1402 1805 et

306 1838 397 1898 fratre
412 1838 545 1917 Georgio,
565 1838 614 1917 qui
628 1849 659 1899 et
679 1839 741 1917 ipse
759 1857 826 1897 oum
847 1848 1019 1898 ceterorum
1032 1838 1256 1918 disciplinarum,
1277 1850 1340 1899 tom
1353 1840 1398 1899 di.

181 1990 184 2005 ι
282 1928 384 1992 'vinee
398 1932 570 1992 Matbeseoe
590 1931 738 2012 inprimis
758 1931 904 1992 studioeus
923 1950 993 1992 esse
1003 1932 1126 1992 dicitrrr:
1147 1942 1178 1992 et
1198 1932 1292 1992 altero
1310 1931 1401 1991 fratre

310 2025 470 2097 Huldrricn
496 2025 684 2086 adolescente
706 2024 810 2083 summi
832 2024 951 2104 ingenii,
975 2036 1007 2085 et
1025 2024 1141 2104 optimis
1160 2024 1273 2097 stodiis,
1293 2043 1402 2103 magna

307 2117 459 2179 modatiae
471 2117 560 2189 fama,
574 2116 762 2188 deditissimo,
776 2117 938 2197 patrocinio
951 2117 1106 2196 complecti
1119 2128 1150 2177 et
1161 2116 1260 2177 fovere
1273 2117 1399 2177 nonde·

306 2211 505 2291 dignaturum.
546 2210 690 2289 Equidem
703 2229 859 2290 spero,me
871 2211 1015 2270 hacteuus
1025 2228 1090 2269 eam
1102 2209 1170 2269 riter
1180 2208 1402 2287 studiorumque

306 2305 447 2364 monem
459 2314 490 2365 ct
502 2312 634 2363 secutum
648 2321 723 2374 esse,
734 2314 774 2372 et,
789 2304 888 2381 quoad
900 2304 1011 2376 vixero,
1022 2314 1199 2374 secutumm,
1213 2300 1398 2381 utquioqoid
1468 2324 1476 2335 ·

305 2392 337 2451 in
350 2413 406 2465 me,
421 2412 475 2473 pro
489 2393 662 2453 liberalitate
673 2404 770 2453 vestra
780 2406 811 2453 et
823 2394 1001 2464 humanitate
1014 2394 1203 2465 contuleritis,
1216 2392 1247 2453 id
1262 2412 1322 2454 non
1333 2403 1399 2455 um

308 2484 380 2543 mibi
388 2484 594 2559 necessarium,
607 2504 694 2566 quem
709 2485 791 2547 robis
800 2486 989 2547 honorificum
1001 2486 1092 2547 frdsse
1105 2486 1252 2547 videnum

763 2753 813 2812 Ao
831 2753 940 2811 euodm

570 2901 903 2980 HIERONYMI
928 2904 1133 2983 WOLFII

504 3075 543 3133 In
562 3073 778 3135 Detuortltem'co
797 3080 975 3139 conversiones
994 3083 1202 3160 recognitionem

783 3181 928 3263 Prffott'o.

287 3301 290 3308 ’
348 3307 504 3370 Evaurnn
517 3309 657 3381 ridemus,
669 3310 711 3370 vir
725 3312 969 3390 proesmnduime,
981 3313 1110 3374 Domine
1119 3323 1281 3394 etpatreue
1295 3317 1395 3376 obser·

307 3400 524 3472 rundenario
544 3422 603 3482 qus
623 3403 683 3464 sire
704 3404 854 3466 hominum
873 3403 990 3476 affectu,
1005 3406 1068 3466 sive
1084 3407 1171 3488 genio
1191 3407 1339 3479 librorum,
1360 3419 1395 3470 ot

307 3493 356 3554 alii
368 3496 414 3554 rel
433 3507 501 3558 aute
521 3515 589 3557 eoos
609 3507 726 3557 autores
746 3498 916 3569 moriantur,
937 3498 986 3557 alii
1006 3499 1110 3558 irenem
1131 3509 1221 3578 atque
1239 3500 1342 3559 iterum
1361 3510 1394 3560 et

254 3611 261 3626 ·
306 3587 412 3666 sapius
424 3590 528 3662 recusi,
538 3591 576 3650 ad
590 3590 766 3668 posteritatis
780 3589 948 3650 memoriam
959 3603 1168 3670 propagentur.
1208 3591 1314 3671 Neque
1325 3591 1396 3656 hm

306 3691 412 3740 nostre
425 3681 566 3742 duntaxat
574 3683 668 3742 aetatis
679 3682 809 3742 conditio
823 3692 876 3754 est,
891 3683 946 3742 sed
958 3685 1085 3743 omnium
1098 3693 1276 3764 temporumt
1296 3703 1395 3764 neque

306 3791 406 3832 earum
419 3775 614 3854 scriptionum,
627 3795 699 3854 quae
719 3796 775 3837 suo
787 3777 910 3856 quisque
927 3777 1049 3857 iugenio
1065 3777 1189 3855 perficit,
1205 3779 1261 3840 aed
1282 3779 1395 3838 illarum

304 3865 403 3938 etiam,
417 3885 482 3945 quoe
503 3887 538 3928 ex
552 3870 710 3948 peregrinis
723 3869 830 3949 linguis
842 3870 871 3928 iu
885 3870 957 3930 elias
967 3870 1189 3932 umonuntur.
1232 3871 1281 3931 Sic
1295 3883 1393 3932 autem

304 3958 498 4020 diotrrruitatis
507 3970 538 4020 et
547 3963 762 4040 propagationis
775 3963 874 4041 scripti
887 3969 1026 4042 cujusque
1041 3964 1202 4024 certissima
1211 3983 1278 4042 spes
1291 3975 1346 4035 est,
1359 3975 1394 4022 ut

303 4050 533 4112 coruentientem
547 4051 709 4112 seculorum
722 4054 961 4132 approbationem
975 4057 1113 4118 emeruit:
1134 4075 1172 4116 ac
1186 4056 1217 4128 ii,
1229 4067 1393 4136 tumtypo·

301 4143 418 4223 graphi,
427 4151 488 4202 tum
499 4143 673 4222 bibliopola,
683 4145 747 4204 suis
757 4146 924 4218 redonibus,
934 4158 968 4204 ut
977 4167 1037 4206 non
1045 4149 1076 4206 in
1084 4149 1240 4228 pmsentia
1252 4153 1332 4225 (nam
1340 4150 1394 4208 he

302 4235 410 4296 minum
421 4235 563 4315 imperitia
575 4248 605 4296 et
615 4236 776 4296 vanissime
785 4238 920 4297 nodtatis
930 4240 1059 4298 studium
1069 4242 1183 4302 veritati
1194 4242 1396 4321 soepeobetn)

302 4337 401 4387 tumen
410 4329 449 4388 ad
459 4328 672 4390 diuturnitatem
681 4329 789 4408 optime
803 4331 955 4390 consulere
964 4333 1107 4406 ridentur,
1121 4336 1171 4414 qni
1183 4334 1391 4395 vetustissimos

188 4490 191 4498 Ὺ
302 4435 434 4496 quosque
447 4435 572 4495 autores,
587 4438 709 4502 quorum
729 4433 902 4502 perspectus
916 4435 962 4483 est
976 4424 1039 4503 ipsa
1053 4438 1140 4487 aetate
1155 4428 1269 4507 genius,
1282 4427 1336 4488 ubi
1349 4430 1392 4488 tio

299 4506 655 4579 milisresreddidetunt..·
671 4515 777 4597 Neque
790 4535 862 4576 vero
873 4536 924 4578 eos
937 4517 1082 4598 improbo,-
1094 4521 1143 4598 qui
1152 4541 1229 4582 nora
1243 4522 1391 4601 medem,
