3150 5125
400 364 462 430 un
485 362 607 429 suuru
626 305 1159 439 numerumnunerum„
1267 358 1291 419 ιι
1404 417 1408 423 ,

194 516 784 603 ndiupmuumuunlueuulosu.
798 514 1002 579 menneo:
1015 512 1289 585 eommun-

193 614 283 677 dibus
293 615 470 695 dignm
479 613 649 691 judico,vel
659 623 779 693 propter
790 620 911 672 cousuu
918 610 1065 691 egregios.
1086 608 1290 687 Sedepuoum

192 708 225 769 is
235 708 288 770 illo
301 728 411 789 gerere
419 708 522 769 merel
535 725 637 786 pssum
652 717 791 786 prestere
798 704 951 785 posse,‘sel
960 703 1204 783 iueue‘moperem
1213 720 1291 761 sum·

192 810 295 861 turum
315 818 379 863 esse
392 798 602 879 intelligerem:
624 809 655 857 et
668 816 705 859 eo
718 806 942 878 metemporu‘m
954 797 1036 868 retio,
1048 796 1096 857 sel
1108 796 1291 875 pertwbetio

193 893 297 973 potius
310 890 510 973 compulisset,
522 901 556 950 ut
568 898 670 951 contre
680 891 858 951 voluutetem
871 890 959 951 etium
972 902 1004 950 et
1014 889 1175 949 institutum
1191 906 1290 949 meum

197 985 307 1065 sliquid
315 976 483 1047 cudendum
494 993 594 1043 essese
606 1002 671 1043 nou
681 994 791 1043 temere
801 983 1000 1043 omuinoduos
1013 982 1140 1045 Graecioe
1149 992 1290 1063 presten-

194 1079 323 1141 .tissimos
335 1088 465 1139 orstoree
477 1078 566 1137 lstiue
579 1077 711 1137 oratioue
729 1076 919 1157 explicandos
936 1076 1054 1154 delegi:
1074 1074 1211 1147 menime,
1221 1077 1290 1134 cum

193 1170 324 1231 fortune
330 1169 507 1249 sulii-egium,
519 1171 602 1247 cujus
609 1168 776 1249 gravissimu
784 1180 829 1229 est
837 1169 867 1227 iu
874 1170 961 1229 rebus
968 1168 1132 1229 mortelium
1140 1166 1290 1239 euterius,

194 1263 353 1325 consilium
369 1261 657 1343 meumsppruberit.
699 1260 856 1321 Distrsetis
869 1260 945 1321 euim
954 1260 1017 1321 iere
1026 1260 1124 1339 primis
1138 1260 1193 1338 (sic
1204 1265 1292 1339 typo·

196 1356 300 1436 &ephi
319 1354 488 1434 loquuntur)
503 1353 728 1432 exemplaribus,
748 1359 859 1428 mqjore
876 1352 1027 1413 doctorum
1039 1354 1189 1435 eppleusu,
1204 1368 1292 1431 qm

197 1447 397 1527 improborum
404 1435 629 1517 obtrecmioue,
639 1446 694 1505 sub
703 1445 836 1505 incudem
847 1446 1001 1524 utrumque
1010 1444 1291 1525 opusrevoceudum

198 1539 268 1601 fuit.
291 1538 381 1605 Quod
393 1548 427 1597 ut
437 1536 647 1609 intellexeram,
660 1537 715 1599 etsi
727 1536 776 1597 vix
790 1538 828 1598 eb
841 1536 988 1597 immemis
996 1538 1147 1617 utriusque
1159 1530 1292 1596 editionis

197 1620 347 1695 laboribus
356 1630 715 1709 respirassem,etes,quue
723 1628 1083 1691 tenuitusdoctriuoemete
1092 1625 1291 1707 etqueiugeml

197 1735 263 1785 tum
273 1723 396 1794 secuse,
405 1722 464 1781 sude
474 1720 592 1801 optime,
602 1740 770 1801 summeque
785 1721 935 1800 ddigeutiu
942 1722 1161 1801 praestitissem:
1182 1728 1290 1789 tumen,

196 1816 267 1895 quie
289 1814 465 1893 posteriores
488 1812 683 1892 cogitationes
705 1813 841 1873 meliores
864 1832 929 1874 esse
950 1813 1094 1885 dicuutur,
1114 1830 1211 1891 neque
1229 1810 1291 1871 fere

197 1907 350 1987 quisquam
364 1906 471 1967 artifex
491 1905 582 1965 ullum
597 1924 670 1986 opus
684 1906 726 1965 itu
737 1905 864 1986 perlicit,
877 1917 910 1967 ut
922 1910 984 1983 ejus
996 1906 1165 1986 expoliendi
1175 1904 1290 1965 nullum

195 1998 253 2061 sibi
265 1998 365 2059 locum
376 1998 538 2078 relinquet:
560 1999 792 2078 recoposceudi
805 2018 912 2061 munus
923 1998 993 2059 milri
1005 1999 1216 2079 defugiendum
1224 2014 1292 2058 esse

196 2090 417 2172 nonputebem.
458 2091 503 2152 Ut
521 2090 598 2150 enim
617 2091 687 2151 boni
707 2102 845 2171 petentes
863 2092 999 2170 geuuim
1019 2110 1087 2151 eoos
1106 2092 1214 2151 liberos
1231 2105 1293 2149 uon

198 2183 340 2256 cornuti,
354 2184 473 2243 eosdem
494 2180 582 2245 et'nm
601 2183 727 2243 educere
745 2193 835 2261 etque
854 2202 960 2243 ornere
978 2183 1058 2243 omui
1077 2183 1229 2261 diligentie
1240 2200 1291 2241 co·

197 2286 323 2337 nentur:
341 2275 385 2337 sic
396 2294 456 2355 ego
468 2276 526 2337 mei
540 2275 624 2335 officii
635 2292 703 2335 esse
716 2275 805 2346 duco,
817 2275 843 2333 si
855 2275 927 2354 quid
938 2276 1011 2336 lucis
1025 2286 1055 2335 et
1065 2276 1166 2336 nitoris
1176 2275 1292 2355 salptis
1331 2314 1335 2329 ·

198 2366 272 2429 meis
292 2366 397 2427 efferre
416 2365 613 2427 meditationis
634 2365 775 2425 induntrie
794 2367 912 2446 poesim,
931 2367 1018 2428 nullis
1036 2368 1066 2427 iu
1086 2388 1123 2428 es
1140 2364 1292 2445 reuigiliie

197 2478 266 2521 esse
285 2458 476 2537 percendum,
497 2468 530 2517 et
548 2456 663 2517 cuudldi
684 2459 800 2519 lectoris
819 2461 1034 2540 exspectetioni
1051 2480 1089 2521 sc
1102 2461 1252 2531 uolunmu‘,
1266 2460 1301 2520 si·

199 2567 261 2630 qun
273 2549 386 2608 retioue
404 2547 468 2608 fieri
487 2558 586 2629 quent,
607 2549 849 2613 utisieciendum.
889 2555 1029 2621 Quemvis
1047 2556 1125 2617 eninr
1142 2557 1211 2617 ente
1231 2555 1290 2617 hoc

200 2653 317 2722 tempus
330 2659 367 2700 es
381 2649 558 2701 consecutis
570 2640 674 2701 fuerim
687 2643 808 2720 proemiu
823 2645 1055 2706 lucubretiouum
1069 2668 1209 2720 mmmm,
1223 2667 1291 2727 quo

201 2734 381 2794 uoluntatem
395 2732 434 2791 ud
447 2733 523 2792 bene
536 2731 707 2792 merendum
720 2733 758 2794 de
777 2734 872 2795 literis·
881 2754 1035 2797 scoeusm
1047 2736 1291 2819 restinguere'pd·

200 2825 269 2895 tius,
289 2841 375 2902 quem
396 2822 574 2882 inflammare
592 2821 729 2902 possent:
757 2827 869 2886 excelsi
889 2839 988 2888 temen
1006 2840 1039 2889 et
1059 2831 1186 2890 liberelie
1207 2830 1293 2892 enimi

199 2915 334 2985 hebetur,
345 2915 485 2992 mojorem
496 2913 592 2987 officii,
602 2932 688 2993 quem
698 2916 896 2990 emolumenti,
907 2919 1016 2982 ducere
1024 2922 1166 2987 retiouem
1176 2944 1184 2983 :
1204 2933 1292 3003 utque

198 3007 231 3068 id
244 3026 303 3066 nou
315 3006 347 3064 iu
357 3005 476 3066 minimo
490 3006 631 3085 deputure
643 3007 734 3079 lucro,
744 3008 880 3088 siquibus
890 3011 1029 3090 prodesse
1040 3015 1191 3093 possimus.
1214 3016 1292 3076 Nem

200 3098 354 3180 gloriolam
368 3098 486 3177 quidem
498 3099 709 3178 aucupandum,
723 3111 754 3160 et
766 3118 870 3162 senem
882 3103 963 3164 illum
971 3107 1084 3166 surium
1097 3108 1290 3170 titillationem
1330 3137 1337 3144 ·

201 3190 288 3252 tuutls
296 3189 525 3251 solicitudinibus
534 3183 1071 3270 eterumnisesseredimendem,lreud
1080 3201 1193 3272 ecio,eu
1202 3203 1291 3262 homo

201 3285 298 3363 pruris
310 3294 341 3342 et
361 3294 496 3344 constans
510 3284 587 3346 serio
599 3285 777 3364 persuadere
789 3286 843 3346 sibi
862 3289 975 3367 posuit:
1002 3295 1162 3370 presertim
1174 3314 1240 3353 oum
1253 3283 1307 3356 es'
1326 3347 1335 3360 .,

203 3395 282 3456 spes,
295 3375 357 3436 sive
374 3377 411 3436 ob
431 3375 621 3455 ingeniorum
632 3377 814 3450 tenuitatem,
830 3380 892 3440 sive
908 3401 947 3441 ex
958 3381 1099 3444 doctrinis
1110 3385 1216 3465 inopie,
1229 3387 1291 3448 sive

202 3477 321 3549 propter
333 3467 489 3528 multorum
501 3469 548 3528 uel
561 3468 714 3546 ignavium,
735 3469 783 3530 uel
795 3471 952 3548 festidium,
964 3475 1010 3534 uel
1023 3477 1216 3540 maledicendi
1230 3479 1293 3540 libi·

204 3560 314 3633 dinem,
335 3580 395 3620 nou
413 3577 523 3640 peucos
542 3560 694 3623 frustretur
712 3581 749 3623 uc
763 3563 902 3625 deludet:
928 3577 1014 3628 utne
1027 3568 1132 3642 dicem,
1146 3572 1237 3632 entim
1249 3573 1292 3632 si·

205 3653 268 3714 deri
280 3653 436 3726 nonnullis,
449 3653 543 3731 iisque
555 3671 614 3712 non
626 3654 828 3727 hebetissimis,
843 3667 895 3717 eut
910 3657 1106 3738 igmsissimis,
1118 3663 1149 3722 iu
1162 3664 1228 3724 uiue
1240 3667 1292 3726 ob-

202 3743 344 3806 scuritate
356 3745 419 3806 sine
434 3745 567 3825 periculo
581 3745 763 3822 delitescere,
784 3767 872 3827 quum
888 3757 948 3810 tem
966 3753 1099 3833 ancipitis
1118 3750 1190 3816 eluse
1207 3760 1292 3836 iecur

165 3853 171 3866 ·
202 3837 400 3911 innotescere,
415 3857 451 3899 sc
463 3838 494 3898 in
514 3857 627 3898 summo
648 3838 709 3898 otio
729 3851 850 3902 conaus
872 3842 993 3905 eliorum
1016 3847 1139 3910 licenter
1159 3870 1291 3924 censere,

201 3949 288 4012 quent
301 3941 384 3990 tento
396 3929 516 4009 negotio
529 3929 762 3992 melevolentiem
776 3943 808 3991 et
819 3932 1000 4013 iniquitutem
1009 3939 1184 4015 ⁸iudiciorum
1196 3941 1292 4002 infeli·

200 4023 274 4084 citer
287 4021 394 4084 subire.
436 4023 497 4082 Sed
509 4022 593 4084 nimis
605 4024 710 4084 oberro
729 4043 747 4084 u
758 4025 913 4105 proposito.
954 4029 998 4091 Ut
1015 4029 1104 4110 igitur
1116 4033 1227 4100 adrem
1239 4053 1292 4095 ve·

202 4113 298 4176 nen:
319 4113 451 4173 lsoerrte
472 4115 725 4195 recognoscendo,
743 4115 774 4174 in
793 4117 878 4194 cujus
891 4119 1129 4201 interpretatione
1141 4123 1236 4202 primu
1247 4123 1292 4184 iu·

202 4205 279 4290 genii
291 4205 348 4266 mei
367 4204 530 4266 rudimenta
543 4207 637 4285 posite
648 4207 776 4280 fuerumt,
791 4209 857 4288 plus
868 4211 1015 4290 eliquanto
1028 4215 1163 4274 ruderum
1177 4210 1233 4286 est,
1247 4227 1293 4278 et·

204 4315 260 4378 que
274 4315 365 4375 genus
378 4297 515 4366 cretionis
527 4297 569 4358 itu
579 4309 733 4384 mutemur,
747 4310 781 4358 ut
793 4320 885 4382 prope
898 4304 977 4365 eliud
985 4303 1076 4364 videri
1088 4305 1196 4382 possit:
1210 4309 1292 4386 quod

206 4390 313 4465 qundo
325 4407 414 4450 ceusu
434 4389 598 4468 contigerit,
621 4393 752 4452 suo-loco
766 4401 843 4453 este
855 4395 939 4456 nobis
958 4394 1127 4474 expositum.
1168 4397 1293 4462 Senten-

118 4559 132 4576 ἱ
208 4477 310 4540 tisrrurr
321 4481 440 4562 pridem
452 4481 621 4562 iutegritsti,
633 4501 699 4564 qun
710 4503 769 4545 une
779 4485 906 4547 maxime
925 4485 1085 4565 spectends
1098 4497 1143 4549 est
1155 4489 1235 4552 fideli
1249 4493 1294 4554 in·
