3150 5125
504 436 570 497 AD
581 433 944 496 DEMOSTHENEN.
977 447 983 454 ·
1171 433 1275 506 fflffi
1324 469 1327 474 .

170 589 307 671 quodem,
321 591 488 666 ostendens,
511 613 544 654 se
561 593 679 679 solitum
693 593 897 654 convenientia
910 591 1043 654 discendi
1055 591 1121 652 loca
1132 589 1271 670 frequen·

168 692 243 755 tare,
254 691 286 743 et
298 701 336 743 ea
345 683 491 758 habuisse,
505 706 572 765 qute
585 705 659 765 opas
673 698 741 746 sunt
760 685 869 747 homini
884 695 969 766 turpe
990 683 1061 748 nlhil
1075 694 1195 764 propter
1207 683 1270 744 ino·

140 853 146 860 Ι
166 773 246 855 piam
263 775 389 836 facturo.
432 778 572 838 Schottus
591 779 630 838 ad
644 778 763 857 Olymp.
781 779 835 839 CI.
849 783 876 839 1.
896 777 946 839 Ol.
963 778 1015 838 cl.
1030 782 1060 835 2.
1072 775 1193 835 moritur
1208 775 1270 836 De·

168 866 338 926 mosthenes
358 879 451 947 pater,
469 869 575 930 rebem
587 869 649 931 filio
662 880 786 950 septem,
801 869 861 930 filia
874 870 1000 949 quinque
1014 887 1165 929 annorum.
1187 867 1228 927 N.
1243 887 1269 928 c.

168 958 291 1038 Aphob.
306 959 385 1021 Plus
400 961 489 1023 Phot.
505 963 594 1024 Soror
612 971 791 1023 memoratur
810 963 839 1022 in
852 963 996 1023 Midiene.
1038 961 1098 1020 Sub
1113 959 1205 1020 tutela
1215 957 1270 1039 sor

171 1055 212 1112 10
221 1071 305 1128 ysare
316 1051 357 1112 N.
372 1071 398 1113 c.
409 1054 487 1134 Apb.
501 1067 532 1115 1:
543 1054 670 1116 Tutores
682 1055 839 1135 Aphohus,
855 1052 1046 1135 Therippides
1060 1051 1249 1115 Paeaniensir.

249 1223 352 1284 Demo
569 1229 789 1290 Demosthenes
803 1235 890 1304 pater
970 1223 1059 1284 Soror

248 1315 413 1397 Demopho
428 1328 510 1381 tutor
571 1321 792 1382 Demosthenes
806 1321 821 1377 l
834 1317 920 1378 πάνυ.
1006 1315 1012 1396 Ι
1263 1371 1268 1388 .

938 1405 1080 1487 Aphobus
1099 1416 1187 1468 tutor.

210 1525 252 1584 D.
266 1546 294 1588 c.
307 1525 424 1608 Aphob.
437 1550 468 1589 n.
480 1536 512 1593 6.
553 1531 618 1593 Nos
638 1531 677 1591 ad
691 1529 825 1591 AEscbin.
839 1549 869 1608 p.
883 1531 935 1590 60.
949 1527 997 1586 ed.
1015 1525 1058 1586 St.
1067 1526 1166 1587 Demo
1178 1525 1269 1586 frater

170 1619 381 1681 Demosthenis
403 1623 567 1701 superioris.
588 1623 629 1685 N.
640 1643 668 1683 c.
680 1623 761 1703 Aph.
772 1620 814 1681 11.
826 1625 875 1686 22.
897 1618 1092 1699 'l'berippides
1111 1617 1268 1677 amicitiae

169 1711 270 1792 pueris
279 1715 391 1791 juncta
427 1713 612 1795 Therippidoe
624 1715 742 1794 legatur
754 1713 806 1780 70.
820 1713 962 1773 minarum
972 1709 1163 1780 ususfructus,
1174 1707 1269 1767 donec

167 1801 385 1864 Demosthenes
398 1804 474 1864 lilius
488 1806 682 1867 hereditatem
697 1816 876 1886 capesseret.
917 1800 1119 1883 Demophonti
1139 1801 1268 1879 despon÷
1299 1830 1304 1846 ι

167 1905 233 1956 sata
251 1895 312 1956 fllia
324 1890 517 1977 quinquennis
532 1919 568 1960 ac
582 1900 658 1960 dotis
672 1899 791 1959 nomine
805 1899 866 1958 duo
880 1897 991 1958 tulenta
1004 1897 1084 1956 deta.
1126 1892 1268 1973 Aphobo‚

167 1997 201 2045 ut
212 1987 385 2048 cleobulum
402 2003 524 2050 uxorem
539 1990 668 2062 duceret,
684 1995 734 2052 80.
749 1990 842 2052 mines
862 1986 987 2067 reliquit,
1001 1986 1102 2046 addito
1116 1991 1267 2064 proeterea'.

167 2087 202 2137 ut
215 2079 329 2139 eninm
349 2090 381 2141 et
401 2083 581 2162 supellectile
601 2083 765 2142 domestice
782 2091 925 2152 uteretur,
938 2098 1028 2158 usque
1041 2078 1082 2138 ad
1093 2073 1204 2136 virilem
1215 2073 1268 2133 filii

167 2179 296 2231 mntem
338 2171 491 2251 Frequens
508 2175 569 2234 lroc
584 2174 723 2233 Athenis.
737 2195 765 2233 v.
779 2193 823 2232 or.
837 2191 890 2250 pro
904 2171 1080 2230 Phormione
1093 2168 1209 2248 passim.
1223 2167 1269 2224 in·

163 2262 262 2322 fia‘ad
276 2264 318 2324 D.
328 2275 461 2324 mortem.
503 2265 551 2323 Ex
570 2271 671 2324 'sorore
691 2263 904 2324 Demosthenis
920 2273 951 2321 et
964 2260 1098 2320 Lechete
1112 2258 1267 2319 Leucono·

169 2354 233 2415 ensi
246 2365 334 2414 natus
341 2355 556 2428 Demochares,
569 2357 612 2415 vir
625 2366 656 2415 et
668 2357 754 2417 ermis
766 2366 911 2427 strenuus,
926 2366 957 2413 et
976 2351 1142 2432 eloquentia
1162 2349 1269 2410 nemini

169 2442 308 2506 inferior.
330 2447 414 2506 said.
439 2448 547 2507 Athen.
569 2447 591 2505 l.
603 2453 634 2508 ὃ.
647 2447 738 2525 Diog.
760 2447 862 2506 Leert.
880 2447 910 2504 in
924 2445 1044 2505 Zenone
1064 2442 1216 2504 Plutarch.
1230 2441 1269 2500 de

169 2537 272 2620 plscit.
285 2538 393 2617 philos.
408 2539 517 2601 AElian.
529 2539 566 2601 V.
581 2539 624 2601 H.
639 2545 668 2601 8.
679 2542 709 2605 7.
750 2539 953 2601 Demochares
973 2538 1061 2599 etiam
1081 2536 1208 2616 quidam,
1222 2533 1269 2599 iti:

171 2630 493 2702 demLeuconoensis,
517 2632 653 2693 duritia
676 2632 889 2693 matrimonium
909 2632 1026 2691 amitam
1049 2628 1268 2699 Demosthenis,

171 2723 297 2805 Gylonis
308 2723 408 2782 filiam.
419 2723 458 2783 de
467 2723 689 2791 Democharete,
699 2746 728 2785 v.
741 2724 837 2805 Leop.
848 2723 973 2783 Emend.
986 2722 1071 2782 XIV.
1082 2726 1130 2782 19.
1165 2720 1269 2780 AElian.

169 2816 209 2875 V.
222 2816 310 2886 Ηῶ·
326 2820 373 2875 12.
395 2810 504 2875 Valerii
519 2816 669 2897 Excerpta
682 2816 787 2898 Polyb.
803 2821 898 2896 p.·10.
912 2824 972 2876 not.
993 2814 1143 2875 Mnussac.
1156 2822 1216 2871 not
1231 2811 1271 2871 ad

62 2902 69 2915 '
168 2908 317 2988 Harpocr.
339 2927 369 2987 p.
385 2911 453 2972 197.
469 2908 615 2969 etVales.
637 2909 822 2969 notatlhas
844 2918 936 2980 notas,
957 2910 1071 2986 pres.
1113 2905 1220 2966 Cicero
1240 2903 1270 2965 'm

170 3002 273 3072 Bruto,
286 3001 328 3061 ll:
343 3000 383 3059 de
396 3001 535 3062 Oratore.
557 3004 587 3080 0.
600 3006 651 3063 95.
662 3000 709 3062 ed.
723 3000 834 3080 Delph.
846 2999 1029 3084 Δημοχάρης,
1044 2994 1270 3076 ὀΔημοαθένονς

169 3104 219 3153 roi
230 3092 347 3175 ῥήτορος
366 3094 494 3169 ἀνεψιὸς,
510 3095 543 3153 ἐν
557 3098 592 3179 τῇ
606 3097 716 3179 εἰκοστῇ
730 3104 785 3153 τῶν
800 3095 935 3172 ἱστοριῶν.
957 3090 1064 3149 Athen.
1078 3090 1101 3150 l.
1112 3094 1143 3151 6.
1157 3109 1187 3168 p.
1200 3090 1269 3152 127.

170 3186 308 3265 Cognati,
329 3184 438 3246 affines.
474 3186 540 3246 Nos
553 3186 591 3247 ad
605 3186 704 3246 AEsch.
717 3206 748 3265 p.
759 3191 810 3247 60.
825 3185 873 3247 ed.
889 3184 934 3243 St.
946 3181 1020 3243 Not.
1032 3180 1103 3243 MS.
1137 3181 1269 3261 Δημοχά.

169 3272 223 3359 pipo
236 3276 443 3348 dAeororoerlc,
458 3281 473 3337 d
487 3284 539 3351 erle
552 3278 656 3351 τηθίδα
668 3279 800 3357 rrlsir’prlr
812 3280 897 3359 ἔχων.
921 3276 1012 3335 Dent.
1026 3294 1054 3336 ο.
1069 3273 1225 3355 Aphobum
1241 3283 1268 3334 1.
1319 3302 1324 3313 ⁸

171 3392 203 3433 n.
219 3374 270 3431 21.
283 3368 465 3453 Ᾱημοχᾶρης,
478 3372 554 3451 ἔχων
566 3370 690 3454 ἀδελφὴν
703 3385 753 3442 τῆς
766 3372 837 3450 ἐμῆς
850 3368 964 3449 μἠτρόο,
976 3366 1121 3446 θυγατέρα
1134 3366 1165 3427 dd
1177 3365 1271 3426 Γύλω-

171 3488 231 3532 νος.
251 3460 295 3521 Ν.
312 3480 339 3521 ο.
351 3461 429 3539 Aph.
440 3462 484 3522 11.
500 3468 530 3523 4.
545 3494 551 3502 ·
572 3464 701 3523 Tsetaes
715 3462 793 3522 chtl.
804 3462 859 3522 VI.
873 3468 924 3524 50.
939 3460 1129 3522 Demomeles
1140 3460 1268 3521 Taetzes

173 3554 319 3617 chil.v1.
339 3555 410 3617 976.
432 3552 632 3616 Demomeles.
647 3554 791 3614 Demonis
804 3554 890 3626 filius,
904 3554 944 3614 N.
959 3576 986 3616 c.
1002 3554 1119 3635 Aphob.
1133 3553 1155 3613 l.
1175 3558 1278 3635 1116.Ι

171 3650 221 3709 lta
232 3648 255 3706 t'.
267 3646 485 3725 Demophontis
497 3645 589 3706 frater
601 3654 649 3707 roi
662 3649 819 3725 ἐπιτρόπου.
830 3668 858 3707 r.
869 3659 972 3710 contre
980 3646 1129 3711 Neeeram.
1168 3646 1268 3705 Demo

171 3738 361 3808 Poeaniensis,
375 3738 588 3799 Demochares.
610 3738 800 3799 Demomeles
823 3738 988 3810 Παιαναύς.
1009 3744 1135 3817 ἀνεψιός.
1176 3739 1268 3800 Ηααο

173 3833 319 3912 ἐγράψατο
340 3830 421 3909 apud
442 3830 636 3910 Areopagitas
657 3831 769 3892 Noster
789 3830 896 3892 AEsch.'
915 3852 942 3894 c.
964 3833 1096 3913 ctesiph.
1119 3832 1268 3911 Harpocr.

171 3924 203 3985 in
216 3922 376 3993 lloeoruic.
389 3943 418 3983 v.
433 3922 585 4012 Maussac.
595 3922 636 3982 ad
649 3922 745 4003 Harp.
766 3942 796 4001 p.
809 3926 881 3985 235.
906 3926 1003 3987 Veles.
1018 3924 1057 3985 ad
1071 3925 1113 3985 H.
1127 3945 1157 4006 p.
1172 3927 1222 3987 85.
1236 3928 1267 3989 4.

171 4016 237 4079 Nos
250 4014 369 4075 adedit.
381 4015 424 4073 H.
437 4014 541 4095 Steph.
554 4012 704 4075 AEschinie
717 4024 820 4075 contra
828 4016 961 4096 Ctesiph.
1003 4016 1095 4099 [Quae
1108 4016 1138 4079 in
1149 4012 1271 4096 Teylori

170 4106 334 4188 exemplari
347 4106 496 4167 AEschinie
508 4106 679 4188 stephanici
689 4108 729 4167 ad
740 4126 789 4166 me
802 4109 889 4171 misso
902 4110 1009 4191 reperi,
1019 4128 1056 4171 ee
1069 4107 1165 4169 omnia
1178 4104 1267 4169 edidi.

172 4202 249 4267 Qum
258 4218 319 4259 nnn
331 4198 436 4278 reperi,
445 4199 537 4259 edere
550 4219 611 4259 non
624 4196 733 4279 potui]

211 4298 242 4352 8.
263 4293 389 4352 Census.
412 4291 502 4352 Domi
515 4292 545 4353 in
557 4292 703 4354 drachmis
716 4298 808 4355 8000.
823 4292 955 4356 draehm.
978 4292 1126 4372 Supellex,
1148 4288 1267 4360 calices,

174 4402 245 4445 mee
260 4396 482 4457 emecsestes,
496 4385 620 4447 mundus
633 4385 782 4445 muliebris
799 4392 909 4448 10000.
926 4386 972 4446 dr.
988 4380 1100 4462 argenti
1113 4385 1162 4445 80.
1173 4377 1268 4451 mium
1335 4451 1342 4457 ,

176 4476 225 4535 Ad
238 4477 378 4537 summam
394 4483 442 4541 14.
453 4478 565 4541 talenta
578 4478 618 4539 N.
629 4498 657 4539 c.
669 4478 784 4559 Aphob.
797 4478 864 4541 XV.
877 4477 991 4541 tuentis
1012 4474 1268 4563 pupiedrilmer.

182 4567 343 4630 Plutarch:
357 4596 371 4613 ‹-
386 4600 390 4607 ¹
