3150 5125
299 403 357 465 lsir
611 404 860 465 HIERONYMI
881 400 1036 465 WOLFll

298 556 398 631 ctaudi
416 556 537 619 libidine
549 559 833 637 superarelateetur.
854 560 1001 624 Ceterum
1015 558 1081 617 hec
1094 551 1387 635 qualiaetqttantula·
1419 638 1422 642 1

298 668 415 727 cunque
437 660 514 719 sunt,
538 668 597 711 non
620 663 679 711 tam
702 652 880 722 mee-vohis,
902 649 1068 730 amplissimi
1091 646 1152 717 viri,
1176 646 1277 715 allero,
1299 660 1386 723 quem

297 752 394 801 restra
415 742 497 801 vobis
519 741 649 801 restituo.
691 742 847 821 Nunquam
867 744 944 803 enim
968 742 1073 801 conari
1086 760 1124 799 ea
1144 737 1312 817 potuissem,
1330 735 1386 797 nisi

258 855 261 859 ·
297 841 393 893 vestre
409 832 580 910 benignitas,
595 824 732 912 tnnqtiam
744 834 870 894 salutare
881 834 1028 913 quoddam
1040 833 1131 903 sidus,
1143 830 1214 889 milri
1222 828 1385 889 affulsisset.

296 922 403 1001 Neque
423 943 493 985 vero
512 924 559 983 vel
580 926 689 1004 primus
708 926 797 1003 hujus
816 928 912 1005 operis
925 937 1072 1005 patronus,
1087 925 1116 983 in
1130 926 1211 997 cujus
1224 922 1255 981 id
1268 920 1385 979 nomine

293 1018 354 1092 jain
369 1016 484 1077 tertium
498 1018 640 1095 apperuit,
659 1019 707 1077 vel
719 1019 870 1097 quisquam
884 1020 967 1089 alius,
986 1017 1112 1077 levitatis
1131 1033 1252 1092 arguere
1265 1030 1314 1071 me
1331 1031 1385 1091 po·

297 1108 373 1167 terit.
415 1108 492 1167 Nam
507 1128 572 1169 curn
586 1109 634 1169 ille
648 1110 677 1167 in
692 1110 803 1189 praedia
822 1130 876 1170 sua
889 1130 921 1169 se
936 1120 1117 1187 recepturus,
1132 1126 1179 1166 me
1191 1106 1273 1184 qussi
1285 1122 1385 1163 eman·

297 1200 423 1277 cipetum
436 1201 579 1269 et'arnilia,
590 1195 693 1261 vestrm
704 1203 772 1263 fidei
780 1214 811 1261 et
821 1203 986 1265 liberalitati
996 1201 1196 1269 commisisset,
1204 1218 1264 1259 una
1270 1212 1385 1257 meeum
1403 1270 1409 1282 ,

296 1293 434 1352 etiamen
453 1294 534 1355 vobis
554 1293 680 1363 tradidit,
696 1315 762 1373 quoe
778 1295 875 1354 Muses
893 1300 968 1355 'rneoe
986 1296 1042 1355 sub
1055 1305 1154 1353 vestro
1167 1289 1328 1369 patrocinio
1342 1289 1385 1349 es·

295 1383 443 1465 iecissent.
485 1385 603 1445 Deinde
616 1386 656 1445 ita
668 1388 766 1465 prodit
779 1388 1008 1458 Demosthenes,
1022 1387 1123 1460 (modo
1136 1404 1236 1464 operae
1248 1395 1387 1462 typogra-

296 1476 390 1553 phicae
412 1498 471 1537 non
485 1478 522 1537 de
542 1478 656 1556 integro
671 1479 860 1540 deformarint
872 1500 919 1554 ea,
936 1500 1001 1558 quas
1014 1498 1071 1557 ego
1092 1497 1203 1539 summo
1220 1477 1321 1535 lahore
1334 1494 1385 1535 ex·

295 1570 393 1645 polivi.
407 1570 496 1648 longe
509 1590 527 1629 a
539 1571 619 1648 prelo
638 1572 749 1640 absum,
770 1583 802 1631 et
822 1572 893 1631 alias
913 1572 985 1631 alios
1002 1572 1118 1631 codices
1131 1582 1162 1629 et
1172 1570 1288 1629 chartas
1305 1579 1384 1646 typo

225 1656 231 1665 “
296 1662 408 1738 grapho
422 1663 496 1733 ruisi)
509 1662 549 1719 sic
569 1663 665 1739 igitur,
687 1662 804 1739 inquam
822 1664 916 1741 (quod
938 1663 1057 1740 quidem
1076 1662 1108 1721 in
1126 1681 1174 1721 rna
1186 1661 1302 1732 snit)se
1321 1678 1385 1737 spe·

296 1751 433 1813 ciendum
444 1752 659 1812 Demosthenes
673 1772 739 1813 curn
753 1774 812 1813 non
825 1755 1009 1834 aspernando
1019 1753 1160 1813 comitatu
1172 1752 1295 1831 praebet,

402 1908 472 1951 JAM
488 1910 616 1951 Posrrts
632 1912 736 1954 NOVUS
753 1914 889 1955 nxvvus
905 1912 1110 1958 lll'l'lDUSQUE
1125 1910 1292 1966 Juvsrtrs,

295 2028 325 2091 et
337 2028 380 2079 tot
393 2030 495 2079 suctus
508 2022 731 2094 accesnonibus,
745 2035 778 2083 ut
792 2026 916 2083 eundem
931 2044 996 2084 esse
1008 2024 1056 2081 vix
1071 2022 1222 2101 quisquam
1234 2031 1383 2099 agnoscat.

294 2108 364 2171 Hoc
380 2112 498 2189 quidem
517 2112 658 2193 affirmare
678 2115 779 2187 ausim,
792 2118 902 2194 majore
916 2117 1048 2175 molestia
1060 2134 1135 2194 pene
1149 2114 1234 2173 unius
1245 2113 1382 2173 orationis

293 2204 520 2281 recognitionem
548 2206 617 2263 milri
640 2207 816 2282 constitisse,
840 2227 927 2286 quam
953 2220 1041 2267 totam
1066 2207 1186 2286 primam
1212 2206 1382 2283 interpreta-

292 2294 418 2355 tionem:
432 2297 503 2367 sire,
518 2310 569 2357 aut
577 2303 638 2371 jam
651 2318 768 2378 urgens,
783 2310 835 2359 aut
849 2312 931 2361 certe
943 2302 1102 2361 adventans
1115 2301 1260 2366 senectus,
1273 2295 1381 2355 laboris

293 2405 381 2444 sensu
392 2407 471 2447 nunc
485 2389 577 2465 magis
591 2390 721 2462 afficitur,
735 2412 822 2471 quem
836 2404 897 2453 tum
907 2394 1070 2469 juventutis
1082 2391 1164 2470 vigor
1175 2389 1305 2449 levabat:
1319 2388 1381 2447 sive
1496 2444 1499 2449 .

292 2476 371 2535 aliud
385 2488 439 2541 est.
456 2478 592 2557 quicquid
605 2480 635 2539 in
655 2494 783 2545 urentem
796 2486 941 2556 inciderit,
954 2498 1028 2545 testu
1045 2486 1172 2566 quodam
1190 2482 1276 2543 animi
1289 2479 1382 2541 effun-

293 2568 382 2628 dere:
402 2570 491 2640 aliud,
506 2573 633 2632 scribere
654 2575 804 2648 meditata,
825 2590 855 2637 et
865 2580 981 2658 singula
992 2597 1068 2657 pene
1080 2579 1170 2636 verba
1182 2577 1263 2655 quasi
1276 2585 1384 2636 ststers

293 2661 417 2724 aurificis
438 2665 602 2742 expendere
623 2676 712 2745 atque
733 2669 907 2728 examinare.
949 2669 1055 2744 Neque
1074 2677 1173 2724 tamen
1192 2666 1285 2744 (quod
1303 2683 1381 2746 steps

291 2763 411 2816 testatus
422 2776 496 2828 sum,
511 2769 542 2817 et
554 2777 631 2818 nunc
642 2771 786 2838 postremo
806 2771 944 2818 testatum
957 2777 1022 2816 esse
1036 2757 1114 2828 volo)
1128 2758 1381 2817 Demosthenicatn

291 2847 486 2926 eloquentiam
506 2851 681 2928 expressisse
704 2869 752 2910 me
772 2849 899 2915 conlido,
920 2848 1019 2925 quiet
1039 2846 1196 2906 autoritate
1214 2865 1269 2904 sua
1287 2859 1380 2917 caret,

290 2941 369 3017 (quse
382 2951 520 3016 quantum
542 2942 571 2998 iu
585 2938 711 3000 dicendo
731 2938 837 3006 valeat,
851 2938 916 3015 quis
935 2938 1058 3014 nescitl)
1076 2957 1172 3016 neque
1185 2937 1326 2996 Lectores
1338 2937 1381 3000 ita

290 3041 417 3090 attentos
440 3031 550 3090 hebere
572 3039 678 3108 potest,
704 3030 754 3108 qui
778 3046 833 3088 sua
852 3030 923 3088 nihil
947 3030 1087 3092 interesse
1108 3041 1228 3090 censent
1247 3047 1293 3101 ea,
1313 3050 1380 3109 quas

290 3120 399 3200 scripta
409 3131 484 3188 sunt,
499 3133 531 3179 ut
548 3121 665 3182 fuerunt
680 3122 836 3193 auditores,
850 3135 1017 3201 quorumet
1030 3123 1156 3203 digniter
1169 3135 1200 3184 et
1211 3123 1288 3184 salus
1308 3142 1380 3200 age.

289 3214 390 3274 hatur:
411 3213 573 3274 elocutione
588 3214 656 3274 item
672 3226 702 3275 et
722 3215 839 3275 actione
852 3215 1016 3276 destituitur
1029 3217 1089 3289 (cui
1109 3227 1140 3274 et
1160 3216 1265 3295 primas
1277 3215 1326 3274 ille
1346 3227 1378 3275 et

288 3307 433 3372 secundas
447 3318 477 3364 et
491 3307 589 3366 tertias
600 3308 693 3382 dedit)
706 3308 759 3368 sed
773 3308 967 3370 inventionem
981 3320 1013 3368 et
1026 3308 1248 3368 collocationem
1258 3317 1320 3368 tarn
1333 3327 1378 3368 re·

289 3417 362 3467 rum,
378 3418 465 3477 quarn
479 3400 632 3460 verborum
643 3401 820 3480 appendere,
834 3401 894 3462 lide
907 3402 1024 3479 optima,
1036 3413 1067 3460 et
1077 3401 1231 3481 perspicuo
1243 3415 1377 3479 puroque

290 3491 426 3554 orationis
440 3511 547 3571 genere
562 3505 776 3574 representare,
791 3514 855 3553 sum
873 3505 1004 3554 conatus.
1044 3497 1119 3560 Ques
1142 3503 1173 3552 et
1190 3493 1255 3572 ipsa
1274 3493 1304 3550 in
1322 3508 1377 3552 sus

288 3583 385 3642 nativa
397 3585 498 3664 lingua
511 3587 600 3646 multo
615 3599 682 3647 sunt
695 3599 727 3648 et
740 3587 832 3666 magis
845 3587 970 3667 propria,
986 3599 1017 3646 et
1033 3585 1267 3665 significantiam,
1281 3596 1312 3644 et
1327 3586 1376 3662 ju·

288 3675 439 3747 cundiore,
453 3689 484 3738 et
504 3679 674 3738 illustriore:
696 3699 789 3758 enque
803 3681 841 3741 de
856 3699 946 3740 causa
960 3677 1190 3758 interpretationi
1204 3696 1277 3736 mee
1291 3676 1376 3734 Groe·
1489 3727 1497 3736 .

289 3787 355 3828 curn
370 3771 549 3850 archetypon
563 3773 762 3843 estedditum,
773 3791 831 3851 quo
841 3773 927 3849 hujus
936 3772 1162 3833 ornatissimnet
1171 3769 1376 3847 copiosissime

287 3861 394 3940 lingue
407 3863 454 3922 vel
468 3863 551 3941 periti
565 3865 611 3922 vel
623 3865 742 3926 studiosi
757 3864 898 3926 fruantur.
939 3867 1006 3924 Nec
1020 3877 1117 3924 tamen
1130 3863 1202 3922 illud
1218 3863 1313 3942 ἰρειιω
1326 3861 1377 3938 qui

286 3954 395 4033 legent,
407 3954 447 4014 ita
460 3955 589 4014 miraturi
597 3969 665 4016 sunt
674 3957 915 4027 Demosthenem,
927 3958 969 4035 (id
983 3955 1063 4036 quod
1076 3955 1238 4026 AEschines,
1252 3953 1375 4013 aemulus

190 4063 193 4070 ’
287 4059 318 4114 et
335 4048 514 4108 edessanus
528 4054 588 4124 ejus
603 4049 710 4108 dixisse
724 4050 828 4125 fertur)
847 4061 881 4108 ut
898 4049 922 4108 si
943 4049 1038 4128 ipsum
1057 4048 1215 4108 audissent.
1255 4050 1374 4113 Quanto

288 4138 343 4198 elia
356 4159 403 4202 res
415 4138 481 4210 fuit,
489 4157 553 4198 cunr
569 4139 615 4198 M.
624 4139 736 4198 Tullius
748 4139 868 4209 Consul,
879 4150 1062 4218 purpuratus,
1074 4139 1104 4197 in
1118 4138 1191 4199 sella
1201 4138 1295 4197 curuli
1305 4156 1374 4196 cum

287 4236 438 4304 majestate
451 4231 590 4299 assidens,
604 4231 641 4290 ab
662 4231 795 4290 omnibus
813 4231 898 4290 honis
916 4241 998 4308 pater
1017 4231 1126 4310 patrie,
1146 4243 1178 4291 et
1197 4230 1280 4310 quasi
1300 4229 1373 4288 alter

287 4322 366 4382 urhis
379 4324 511 4384 eonditor
531 4323 658 4394 habitus,
671 4323 885 4384 solicitudinem
897 4323 935 4382 de
948 4323 1096 4402 republica
1109 4343 1260 4392 summam,
1274 4321 1374 4382 stdtrtia

287 4431 356 4480 vero
364 4432 425 4472 sune
439 4435 529 4495 prope
542 4415 710 4494 neglectum
723 4433 786 4495 pres
799 4435 832 4474 se
844 4415 954 4486 ferens,
966 4416 995 4473 in
1008 4433 1121 4474 summo
1134 4414 1211 4474 orbis
1228 4426 1371 4474 terrerum

287 4505 410 4568 concilio
423 4509 483 4584 (qui
497 4529 555 4574 non
569 4520 628 4572 tarn
643 4521 819 4582 senatorum,
834 4527 919 4587 quarn
939 4525 1040 4586 regunt
1053 4527 1207 4568 consessus
1217 4505 1308 4566 videri
1322 4512 1373 4582 po·
