3150 5125
394 398 455 457 sn
479 394 549 459 en.
570 350 1099 466 concussurum(
1213 406 1285 465 mx

194 552 371 632 tempestivis
390 564 422 615 et
434 554 536 617 libore
555 556 753 631 immoderato,
766 559 872 640 purtim
884 577 924 621 ex
938 561 1134 621 communium
1147 570 1180 620 et
1195 558 1290 640 publi·

192 662 291 705 corum
308 646 560 711 incommodorum
580 653 740 715 sccrbitete
760 662 922 725 murreus,
942 670 1106 733 supremum
1125 652 1194 711 riter
1206 652 1288 713 dien

192 737 273 798 obis.
312 742 380 808 Quo
394 750 508 803 mortuo
521 760 588 822 spes
603 744 696 806 omnis
708 747 797 825 hujus
809 744 944 806 editionis
955 743 1140 807 sbsolrende
1153 738 1288 803 omnibus

192 832 363 895 mortalibus
383 836 507 915 moecise
534 847 589 909 ert,
610 838 770 919 presertim
790 838 989 899 menotio
1008 838 1039 897 in
1058 836 1123 897 dies
1136 836 1290 896 discor&

193 922 1075 1010 cidiisusetpostsuperiorsmslssedstsscsopitsinou
1095 928 1172 989 euim
1192 929 1289 989 dicun
1387 996 1390 999 ,

193 1017 352 1095 exstineto)
364 1020 446 1081 noris
460 1021 584 1083 subinde
598 1023 661 1083 eliis
675 1023 854 1103 gmriunbus
867 1022 1090 1093 mborieutrbus,
1103 1022 1209 1101 quium
1221 1036 1292 1081 uon·

193 1111 263 1170 dum
277 1113 366 1173 etism
379 1114 468 1175 bodie
480 1115 609 1177 defuncti
622 1136 731 1179 summ.
770 1117 819 1177 Its
831 1135 899 1177 cum
914 1114 1123 1176 Demostlteuis
1141 1114 1234 1175 rditio
1244 1115 1289 1173 iu·
1327 1158 1333 1169 .

192 1203 300 1265 meets
312 1206 419 1267 nultos
440 1224 532 1267 moos
545 1210 713 1271 mensinet:
735 1210 778 1269 lo'.
791 1210 972 1280 lieuemtus,
992 1207 1084 1268 totius
1105 1206 1289 1268 mersu

191 1298 397 1377 typographio·
417 1315 582 1373 tueremur,
602 1302 785 1361 murreus
808 1318 877 1361 cum
895 1300 982 1360 riduu
1001 1308 1162 1372 menete,
1182 1301 1289 1371 fiam,

191 1388 297 1469 purtim
312 1410 364 1451 sue
378 1402 494 1473 sponte,
508 1393 614 1473 purtim
626 1394 774 1454 bominum
787 1404 847 1453 tem
866 1392 985 1471 longum
1004 1392 1124 1473 incepti
1136 1391 1232 1471 operis
1244 1391 1289 1451 io·

193 1478 406 1543 remissionem
432 1484 617 1563 querentium
636 1496 668 1545 st
690 1502 771 1563 egre
787 1483 942 1544 terentum
961 1484 1086 1545 vocibus
1108 1483 1232 1543 residuis
1246 1482 1291 1541 'ri-

195 1584 273 1645 etus,
283 1574 434 1635 consilium
443 1576 561 1637 tandem
569 1577 647 1657 cepit
655 1576 736 1657 operi
747 1577 894 1647 iucbosto,
905 1586 936 1635 et
949 1576 1092 1656 deposito,
1102 1590 1134 1635 et
1146 1587 1180 1634 ut
1192 1574 1234 1635 its
1246 1574 1291 1635 di·

194 1685 269 1737 csm,
281 1666 473 1741 conclsmsto,
483 1671 643 1731 subvenire.
671 1672 738 1736 Qus
748 1670 776 1729 in
791 1689 825 1729 re
838 1688 905 1729 oum
918 1668 972 1729 ubi
985 1669 1149 1745 adjutorem
1162 1668 1289 1747 aliquem

192 1758 389 1819 adhibendum
402 1780 468 1821 esse
482 1760 672 1833 existimaret,
687 1762 734 1840 qui
755 1772 787 1821 et
801 1760 893 1822 veliet
909 1771 941 1820 et
952 1770 1052 1840 posset
1071 1761 1100 1821 ei
1112 1758 1155 1819 rei
1169 1778 1287 1839 operum

191 1852 317 1930 aliquem
335 1871 451 1923 moure,
476 1872 508 1913 se
529 1854 567 1913 ed
589 1874 636 1915 mc
656 1854 838 1934 potissimum
858 1853 998 1913 contulit:
1019 1871 1107 1931 quem
1119 1862 1151 1911 et
1164 1851 1288 1930 publicis

190 1943 352 2003 commodis
365 1944 490 2005 libenter
503 1944 638 2006 inservire
653 1957 842 2028 cognoverat,
856 1944 1049 2025 utplurimum
1061 1944 1116 2003 sibi
1124 1943 1155 2001 in
1167 1944 1288 2022 negotio

189 2044 329 2115 moepto
341 2036 481 2115 prodesse
495 2056 580 2116 posse
601 2038 794 2099 existimsbrt
837 2037 915 2116 ligo,
928 2035 1058 2116 quemvis
1077 2035 1108 2093 in
1121 2034 1286 2117 eliisrebus

92 2178 98 2185 .
191 2145 210 2187 ι
228 2144 276 2187 me
295 2126 432 2207 institutis
452 2129 697 2210 occupatissimus,
716 2130 827 2191 homini
846 2129 949 2199 emico,
962 2127 1123 2208 moescrdm
1136 2128 1166 2185 in
1181 2148 1214 2187 rc
1225 2138 1286 2188 tsm

191 2218 343 2298 preclaro,
359 2220 463 2289 deesse
480 2220 571 2281 nolui.
612 2221 717 2301 ltaque
732 2223 871 2281 continuo
883 2220 1024 2299 reliquom
1037 2228 1150 2297 pertern
1164 2220 1290 2299 exempli
1308 2231 1311 2236 '

191 2310 334 2390 impressi,
344 2314 384 2372 sd
397 2314 478 2391 cujus
493 2332 572 2373 orem
588 2324 619 2373 et
632 2314 841 2391 scripturarum
854 2322 1008 2370 contextus
1020 2310 1227 2370 Demosthenis
1240 2329 1290 2371 vs·

194 2403 316 2464 rietates
332 2424 350 2465 s
366 2404 494 2465 Morelio
515 2404 685 2484 sdscriptss,
701 2415 733 2463 et
752 2402 863 2464 subolis
885 2402 935 2461 ills
954 2403 1063 2464 Grecs
1085 2403 1214 2463 nondum
1233 2403 1288 2462 im·

194 2514 305 2575 presse
319 2496 492 2576 transcripte
503 2494 594 2555 luisse
607 2512 695 2575 supro
708 2496 775 2566 diri,
791 2494 946 2576 diligenter
959 2506 1047 2575 etque
1060 2504 1173 2555 sttente
1184 2495 1286 2574 relegi,

194 2605 230 2648 se
243 2589 409 2666 mogum.
451 2589 500 2649 nc
514 2587 1030 2668 scholisquideninequepropter
1041 2586 1162 2648 sumto
1176 2588 1288 2648 ouon
1328 2661 1331 2667 ¹
1436 2567 1441 2578 '

195 2679 380 2740 immaturum
403 2692 486 2740 erunt
504 2679 602 2740 edituo
623 2680 753 2751 coniirso,
769 2683 984 2759 otperturbeto
1005 2679 1108 2739 ordine
1132 2680 1287 2752 collocem,

193 2775 233 2833 itu
247 2783 288 2842 ut,
302 2792 362 2853 quo
382 2774 572 2852 pertinerent,
590 2793 649 2833 uon
671 2773 760 2834 facile
782 2773 875 2854 quiris
896 2771 1040 2832 interdum
1067 2781 1210 2842 cerneret,
1232 2761 1289 2832 suo

191 2883 315 2944 qumque
328 2865 394 2924 loco
402 2863 517 2944 digessi
530 2877 620 2945 etque
634 2864 664 2923 in
679 2864 810 2924 ordinem
823 2863 945 2942 redegi:
965 2872 997 2923 ct
1010 2862 1130 2944 Ulpiani
1142 2879 1289 2922 commem

191 2957 280 3017 turios
299 2957 329 3016 iu
349 2955 522 3017 editionibus
535 2955 661 3036 vulgetis
672 2956 912 3036 corruptissimos,
921 2955 1021 3034 quosd
1034 2957 1098 3032 ejus
1110 2954 1173 3014 lieri
1185 2954 1288 3014 debuit

191 3069 227 3111 sc
240 3051 344 3130 potuit,
359 3049 498 3130 emtignri
512 3061 601 3128 etque
621 3049 782 3109 emendavi.
824 3051 862 3107 ln
876 3055 1017 3108 contentu
1030 3066 1101 3107 vero
1113 3047 1289 3110 Demostbe·

190 3142 234 3201 nis
247 3141 487 3221 recognoscendo
497 3142 573 3202 riom
586 3141 655 3200 milti
664 3145 723 3216 J'sm
738 3139 894 3201 sltiorelio
904 3149 1153 3221 premonstratum
1165 3151 1288 3200 secutus

192 3251 264 3305 rum,
284 3234 426 3312 simulque
440 3233 584 3295 Benensti
603 3232 744 3294 voluutsti
763 3251 874 3293 morem
895 3233 981 3313 genn,
1006 3233 1255 3312 utnrbilprorsus
1268 3251 1288 3292 s
1318 3269 1323 3279 ·

192 3325 312 3404 vulgatu
324 3335 355 3385 et
366 3337 485 3405 recepte
508 3325 656 3405 scripture
672 3333 837 3385 mutarem:
856 3327 911 3386 sed
925 3344 1027 3385 omnes
1039 3324 1286 3386 dissimilitudines

193 3417 292 3478 rel-sd
307 3435 386 3477 orem
400 3416 466 3478 lnrt
486 3417 697 3498 edpingeudes,
717 3417 764 3478 rel
784 3417 816 3476 in
835 3417 918 3478 culce
939 3417 1127 3478 collocandus
1144 3434 1285 3478 curarem.

193 3510 261 3576 Qus
274 3507 392 3587 quidem
409 3506 440 3566 in
462 3526 495 3570 re
515 3519 596 3568 tuuts
607 3508 664 3570 fuit
677 3508 823 3569 Benensti
843 3509 955 3588 religio,
980 3509 1028 3568 eui
1047 3509 1134 3570 iscile
1152 3527 1287 3570 surmus

192 3619 267 3673 som,
287 3611 320 3660 ut
336 3599 476 3660 lectiones
490 3611 520 3660 et
533 3601 777 3680 interpunctiones
796 3601 929 3680 vulgetur
948 3621 1155 3680 nonuunquam
1169 3601 1286 3662 vitiosa

192 3693 317 3753 retinme
331 3692 475 3763 induerit,
490 3692 645 3752 dummodo
666 3711 765 3754 esrum
786 3693 1005 3754 emeudsdooes
1025 3695 1072 3754 rei
1093 3694 1124 3752 in
1144 3695 1286 3774 margine,

192 3786 239 3846 rel
252 3787 282 3845 in
301 3785 384 3846 culce
404 3783 467 3845 lini
483 3795 768 3865 representamus,
780 3805 867 3867 quem
881 3785 1015 3866 umquem
1036 3787 1178 3848 meletulo
1196 3788 1286 3849 uilem

188 3883 296 3959 justern
309 3876 541 3960 reprehendendi
556 3897 657 3940 susem
667 3879 843 3959 relinquere.
882 3879 1060 3940 Meminerat
1071 3881 1158 3951 enim,
1168 3882 1208 3941 de
1219 3899 1286 3940 mes

194 3971 345 4033 Cicermis
368 3971 505 4042 editione,
526 3973 576 4051 qul
600 3990 748 4034 immunes
776 3969 923 4031 bominum
947 3973 1052 4052 purtim
1073 3973 1283 4053 imperitorum,

191 4065 295 4144 purtim
313 4063 476 4143 iniquorum
496 4064 628 4138 fuissent,
649 4063 870 4136 condicerent,
888 4083 938 4124 me
957 4065 1077 4125 nimium
1089 4067 1159 4125 milri
1168 4065 1243 4142 juris
1255 4066 1285 4126 in

194 4155 338 4216 Cicerone
351 4155 535 4216 emendando
549 4157 733 4218 assumsisset
747 4175 807 4216 non
819 4157 983 4238 oportuisse
996 4157 1152 4218 electione
1165 4168 1285 4237 recepte

193 4248 331 4309 eimedi:
351 4249 420 4308 satis
439 4248 529 4308 fuisse
551 4249 684 4310 lectionis
703 4251 858 4311 varietates
878 4261 910 4310 et
930 4251 1087 4331 scripturos
1108 4250 1139 4307 in
1157 4249 1284 4330 entiquis

193 4341 343 4402 codicibus
356 4353 496 4421 repertus,
511 4351 561 4401 sot
571 4344 753 4422 mentumis
765 4343 930 4423 probabiles
943 4347 1139 4417 conjectures,
1152 4340 1181 4400 in
1194 4361 1284 4403 sono·

194 4435 348 4494 tutioribus
368 4435 466 4494 loesri.
508 4435 556 4494 Ne
568 4435 639 4513 quid
652 4435 741 4514 igitur
753 4437 782 4494 in
796 4435 998 4495 Dernostirene
1019 4435 1173 4512 quicquum
1191 4438 1250 4497 tole
1264 4455 1284 4497 o

138 4547 141 4552 ·
195 4525 277 4584 nobis
291 4545 356 4586 esse
369 4527 477 4586 &aum
491 4528 572 4606 queri
591 4529 690 4603 possit,
706 4527 848 4605 (qrrsmvis
860 4525 1008 4584 bominum
1022 4525 1181 4586 invidorum
1194 4541 1225 4588 et
1239 4530 1282 4588 iu·
