3150 5125
256 438 257 447 ¹
337 412 415 496 stiur
614 431 914 496 'Hisuousur
935 425 1122 501 wossrt'
1204 423 1208 432 “

334 587 485 659 videbitur,
500 586 654 657 sterilius,
670 587 693 647 is
706 588 818 667 cogitet
829 589 924 659 velim,
938 588 1033 668 ipsum
1047 574 1277 646 Demosthenem
1289 582 1356 663 plus
1367 584 1425 645 bs·

334 684 404 741 bere
419 681 522 741 ossium
537 690 567 740 et
579 698 740 751 nervorum,
754 700 841 757 quam
861 682 1005 759 sanguinis
1025 691 1055 739 et
1069 678 1170 738 carnis.
1210 676 1254 737 Ut
1265 676 1356 755 igitur
1367 676 1423 735 illa

336 774 477 854 (volentes
490 772 617 851 quidem)
633 772 660 831 ei
673 792 731 830 non
744 765 932 844 detraximns,
943 773 986 832 ita
997 774 1063 831 haec
1076 770 1186 831 addere
1199 789 1257 828 non
1269 767 1359 827 fuerit
1372 768 1420 825 in·

335 866 480 944 terprctis,
495 864 546 923 sed
557 864 759 943 paraphrastes,
774 884 826 923 sno
839 866 976 925 arbitratu
990 863 1187 925 declamantis.
1228 861 1334 921 Cicero
1346 879 1420 939 pro·

333 956 424 1028 fecto,
435 957 459 1016 si
469 956 495 1015 ei
507 973 602 1015 causae
612 956 723 1015 eaedem
734 958 858 1033 agendae
871 957 1001 1027 fuissent,
1011 956 1100 1033 longe
1113 955 1213 1033 utique
1225 954 1255 1011 in
1269 953 1417 1032 plerisque

334 1057 471 1124 majorem
483 1056 649 1127 apparatum
663 1048 814 1105 verborum
828 1048 1023 1108 adhibuissetr
1049 1058 1081 1107 et
1093 1066 1158 1124 quea
1171 1064 1189 1104 a
1201 1042 1300 1103 nostro
1313 1054 1417 1102 antore

334 1140 459 1200 indicata
468 1152 534 1199 sunt
544 1138 657 1199 brevius
667 1150 696 1197 et
706 1139 857 1209 occultius,
867 1140 991 1199 dicendo
1000 1137 1180 1199 extendisset
1190 1147 1221 1195 et
1232 1136 1418 1195 illustrasset.

335 1232 422 1300 Quod
435 1252 471 1291 an
488 1231 517 1290 in
531 1226 717 1291 conversione
735 1231 896 1291 orationum
910 1228 1118 1291 Demosthenis
1136 1239 1167 1287 et
1181 1227 1323 1287 AEschinis
1340 1226 1416 1286 inter

335 1344 367 1384 se
387 1322 593 1384 contrariarum
612 1322 664 1381 sibi
682 1323 872 1401 permissurus
887 1323 985 1394 fuerit,
1005 1322 1139 1400 equidem
1158 1318 1268 1379 nescio.
1309 1318 1370 1378 Sed
1389 1318 1417 1377 si

335 1426 385 1475 eas
408 1415 552 1474 orationes
570 1414 710 1473 convertit
728 1416 797 1492 (qua
815 1414 854 1474 de
873 1432 906 1473 re
929 1413 1068 1495 quosdam
1088 1422 1189 1473 acutos
1208 1410 1338 1471 homines
1354 1430 1416 1468 non

335 1508 451 1568 omnino
463 1507 524 1567 sine
537 1524 624 1566 cansa
634 1505 765 1565 dubitare
776 1504 883 1582 rideo),
894 1525 959 1565 earn
966 1505 1105 1564 rationem
1112 1502 1190 1562 hand
1199 1502 1286 1561 dubie
1295 1512 1415 1561 secatus

334 1611 389 1672 est,
405 1618 490 1679 quam
504 1618 536 1659 se
549 1612 679 1659 secutum
695 1616 757 1657 esse
774 1591 932 1676 profitetur.
975 1599 1075 1675 Atque
1094 1595 1204 1655 utinam
1219 1604 1349 1654 exstaret
1364 1593 1416 1652 illa

335 1692 500 1752 conversio:
521 1710 594 1768 quse,
608 1688 788 1769 quantumvis
801 1690 918 1767 elegans
930 1688 1028 1758 fuerit,
1041 1688 1129 1769 talem
1143 1687 1232 1746 fnisse
1244 1697 1343 1745 tamen
1354 1704 1414 1744 non
1429 1700 1434 1708 '

333 1794 414 1863 puto,
434 1791 468 1840 ut
486 1782 644 1841 orationem
664 1800 715 1861 pro
735 1780 849 1841 Milone
868 1781 968 1859 legere
989 1800 1047 1839 non
1067 1779 1225 1839 mallemus.
1265 1778 1320 1837 Est
1336 1778 1413 1837 enim

335 1874 486 1933 durissima
499 1872 654 1952 provincia,
669 1873 781 1952 pectori
799 1871 893 1931 alieno
909 1884 991 1931 tuum
1011 1892 1043 1931 os
1056 1870 1286 1941 accommodare,
1300 1889 1336 1929 ac
1349 1872 1413 1947 ejus

335 1965 492 2026 sententias
511 1965 567 2024 tuis
580 1964 674 2023 verbis
693 1974 723 2023 et
743 1964 808 2023 stilo
827 1964 971 2042 persequi.
1011 1962 1098 2029 Quod
1115 1964 1145 2021 in
1164 1963 1227 2041 ipso
1244 1956 1412 2039 argumento

334 2062 390 2117 niv
400 2056 562 2117 dartun'hov
570 2056 664 2131 λόγων
677 2056 850 2135 explicando
861 2055 902 2133 (in
912 2074 969 2132 quo
978 2054 1078 2114 nescio
1087 2074 1146 2133 qno
1156 2054 1244 2113 modo
1253 2051 1412 2112 dictines'se

333 2149 456 2209 sterilior
469 2146 589 2223 videtur)
603 2148 665 2226 ipse
680 2148 783 2208 Cicero
796 2167 854 2206 non
869 2146 1043 2206 dissimulat:
1061 2166 1079 2206 a
1093 2152 1174 2222 cujus
1187 2147 1298 2204 mtione
1311 2146 1335 2203 si
1348 2163 1413 2203 mea

335 2242 454 2300 multum
467 2238 627 2308 dissidebit,
649 2238 680 2297 id
698 2240 752 2297 erit
769 2258 827 2296 non
839 2236 989 2306 voluntati,
1002 2236 1054 2295 sod
1074 2236 1260 2295 imbecillitati
1279 2254 1361 2304 mese,
1374 2246 1412 2296 *et

334 2332 572 2412 occupationibus
592 2340 622 2388 et
639 2328 813 2389 festinationi
826 2328 1020 2398 tribuendum,
1041 2348 1095 2407 per
1114 2348 1199 2407 quam
1214 2325 1349 2385 facillime
1368 2326 1411 2396 fit,

274 2420 281 2427 '
333 2436 366 2482 ut
378 2426 415 2482 ab
430 2422 535 2482 autoris
548 2420 698 2491 sententia,
712 2422 828 2479 tametsi
841 2439 900 2478 non
914 2421 1041 2490 aberres,
1055 2421 1085 2478 in
1095 2420 1195 2497 graecis
1207 2430 1304 2477 tamen
1316 2418 1411 2477 verbis

334 2511 555 2574 annumerandis
567 2511 679 2571 fidelior
696 2512 744 2583 sis,
763 2529 849 2588 qnam
863 2520 1005 2590 oporteat,
1026 2522 1058 2570 et
1077 2512 1241 2590 imprudens
1254 2508 1408 2588 aliqnando

331 2606 501 2668 latinitatem
522 2614 741 2683 praetervectus,
762 2604 987 2663 Demosthenice
1001 2601 1103 2682 magis,
1123 2623 1209 2681 quam
1223 2601 1410 2662 Ciceroniana

333 2699 422 2759 dicas.
464 2695 595 2766 Praestiti,
610 2697 688 2774 quod
698 2695 777 2775 potui
789 2716 797 2755 t
809 2706 839 2754 et
846 2695 911 2774 plus
921 2695 1090 2773 potuissem,
1103 2694 1127 2752 si
1135 2700 1247 2769 justum
1256 2704 1370 2773 tempos
1380 2705 1411 2753 et

311 2811 315 2826 ¹
332 2790 456 2871 spatham
469 2787 567 2848 datum
579 2787 690 2846 fuisset.
711 2787 797 2846 Nunc
811 2798 856 2845 est
869 2805 905 2844 ea
915 2786 1105 2844 studiosorum
1113 2786 1259 2844 hominnm
1272 2787 1410 2856 conditio,

329 2896 363 2943 ut
377 2883 433 2942 sint
442 2882 541 2960 quovis
552 2878 677 2938 cerdone
690 2879 850 2937 miseriores
863 2891 892 2938 et
903 2879 1091 2954 abjectiores:
1103 2897 1199 2955 neque
1211 2877 1345 2957 profecto
1358 2877 1410 2936 mi-

332 2995 396 3033 rum
410 2983 495 3040 esset,
505 2971 629 3048 aliquem
642 2971 780 3048 poenitere
794 2981 825 3028 et
833 2970 939 3048 ingenii
953 2982 984 3030 et
993 2970 1139 3030 industrie
1152 2989 1222 3041 suas,
1236 2971 1260 3030 si
1276 2971 1318 3029 ita
1330 2989 1408 3030 com-

332 3075 464 3144 paratum
485 3072 539 3130 est,
561 3071 593 3118 ut
613 3060 661 3138 qul
675 3061 752 3120 fame
772 3061 865 3140 perire
881 3063 963 3135 nolit,
977 3065 1004 3122 ei
1018 3083 1092 3142 pene
1108 3062 1166 3122 sint
1178 3079 1277 3121 omnes
1289 3061 1411 3140 indigni·

332 3163 408 3215 tates
421 3149 609 3232 perferendae.
652 3151 712 3211 Sed
724 3154 851 3231 quereloe
867 3173 925 3213 non
946 3167 1013 3214 sunt
1023 3156 1117 3230 hujus
1134 3155 1208 3214 loci:
1228 3153 1407 3232 neque'mihi

332 3264 410 3305 nunc
423 3241 598 3323 propositum
614 3253 658 3302 est
677 3243 791 3305 scilicet
800 3245 946 3304 fonunam
958 3265 1052 3305 meam
1065 3244 1223 3325 deplorare.
1250 3245 1298 3303 ‘ln
1311 3265 1347 3304 eo
1358 3263 1410 3322 po·

332 3336 387 3395 tius
401 3345 445 3394 est
459 3334 674 3407 elaborandum,
689 3347 720 3394 ut
733 3337 791 3397 hoc
804 3357 900 3396 meum
914 3337 997 3417 opus,
1010 3357 1184 3417 quocunque
1197 3338 1258 3398 sive
1276 3337 1409 3397 successu

333 3427 394 3487 sire
407 3426 557 3504 dispendio
567 3426 740 3501 confectum,
755 3429 934 3489 excellentie
947 3443 1006 3488 tute
1022 3449 1080 3488 non
1094 3431 1280 3509 improbetur.
1320 3429 1407 3495 Quod

333 3529 367 3578 ut
380 3519 440 3578 fore
453 3519 605 3589 confidam,
620 3521 711 3580 multa
730 3521 759 3579 in
780 3539 868 3581 causa
882 3531 958 3591 sunt,
980 3522 1058 3597 acin
1071 3522 1168 3601 primis
1188 3521 1353 3600 prestantia
1363 3520 1406 3578 in·

333 3611 410 3690 genii
422 3611 464 3670 tui
479 3623 508 3670 et
522 3613 704 3674 eruditionis:
725 3614 773 3692 qui
788 3633 854 3672 cum
873 3613 911 3673 sis
924 3613 1239 3692 propter'amplissimas
1249 3633 1319 3692 opes
1332 3613 1407 3690 (quat

332 3714 363 3762 et
376 3703 445 3780 ipsae
459 3702 570 3780 insigne
578 3703 636 3762 Dei
647 3704 752 3763 donum
767 3716 844 3774 sunt,
855 3715 886 3764 et
898 3706 975 3765 bono
986 3724 1021 3764 ac
1031 3705 1154 3784 sapienti
1163 3706 1225 3763 viro
1233 3704 1407 3764 luculentum

332 3793 441 3854 vimutis
453 3793 682 3870 instrumentum)
694 3797 901 3874 suspiciendas,
914 3808 945 3858 et
961 3808 1080 3877 propter
1098 3797 1319 3857 beneficentiam
1333 3808 1363 3855 et
1372 3796 1407 3853 ¹li-

331 3885 510 3946 beralitatem
526 3885 682 3945 colendus:
703 3893 746 3945 eae
764 3900 831 3947 sunt
851 3888 958 3966 ingenii
972 3899 1004 3947 et
1016 3888 1103 3947 animi
1114 3889 1157 3946 tui
1169 3889 1264 3959 dotes,
1277 3899 1310 3946 ut
1323 3887 1408 3947 etiam

242 4045 244 4054 ¹
332 3980 395 4040 sine
408 3979 530 4037 fortuna
544 3977 697 4056 splendore
708 3979 738 4036 in
759 3980 870 4057 magnis
889 3982 954 4040 viris
967 3987 1046 4040 esses
1066 3980 1269 4040 numerandus.
1309 3982 1430 4045 Quanv

333 4091 419 4150 quam
432 4069 508 4128 enim
527 4087 583 4147 ego
597 4081 627 4128 te
649 4089 746 4129 coram
764 4090 911 4148 nunquam
926 4071 992 4141 ridi,
1004 4083 1106 4131 natura
1118 4082 1216 4131 tamen
1229 4071 1270 4129 ita
1288 4071 1353 4139 fert,
1367 4079 1406 4138 ut,

333 4160 472 4240 quicquid
485 4159 513 4217 in
526 4161 613 4217 rebus
627 4160 755 4220 humanis
769 4161 893 4231 excellit,
907 4163 1022 4221 auribus
1035 4163 1135 4241 magis,
1150 4183 1235 4242 qnam
1249 4162 1347 4231 oculis,
1361 4179 1408 4220 ce·

333 4252 477 4312 lehretur:
491 4249 568 4330 quod
577 4250 654 4310 fama
662 4251 807 4310 dimanare
817 4251 904 4311 facile
914 4253 951 4312 ad
960 4255 1074 4326 multos,
1088 4254 1190 4314 eadem
1201 4253 1316 4313 videndi
1325 4250 1409 4329 eopia

332 4361 389 4400 non
411 4343 542 4404 omnibus
566 4343 732 4420 contingere
746 4354 853 4420 potest.
894 4345 1064 4404 Celebratur
1078 4366 1096 4406 a
1112 4346 1219 4417 muas,
1232 4346 1324 4423 iisqne
1336 4361 1408 4421 prte-

333 4435 474 4495 stnntibos
487 4436 563 4508 viris,
577 4435 700 4495 felicitas
709 4435 821 4513 ingenii
834 4435 886 4505 tui,
900 4438 979 4514 quod
992 4438 1157 4517 ubicunque
1169 4437 1346 4506 intendatur,
1360 4453 1408 4494 ra·

333 4524 401 4596 leat,
410 4536 467 4585 tarn
478 4529 692 4608 philosophicis,
702 4547 787 4607 quam
797 4528 924 4589 civilibus
933 4529 962 4588 in
976 4532 1080 4590 rebm:
1101 4531 1265 4591 celebratur
1274 4528 1406 4599 eruditio,
