3150 5125
514 392 573 453 an
591 388 942 483 nsuosuususrc
1133 363 1139 378 '
1175 370 1281 460 mia

177 494 315 629 'tempore
334 561 438 623 greca
461 544 565 607 critica
583 546 801 627 progerminnre
826 548 919 613 modo
940 546 1110 629 incipiebat.
1150 551 1282 623 Accedit

188 635 265 714 quod
285 636 381 696 codex
396 637 483 697 Dem.
505 636 700 711 Pannonicus,
714 640 764 719 qui
782 640 812 699 ei
823 640 855 699 in
867 659 970 701 manus
981 653 1113 712 renent,
1126 661 1187 714 nm
1199 654 1278 704 esset
1376 708 1380 713 ,

187 728 303 817 optimae
313 741 402 791 notre.
442 729 566 790 Videtur
577 730 627 792 ille
641 732 737 793 codex
750 734 780 791 in
793 732 1000 795 bibliothecam
1022 734 1195 813 Augustam,
1212 756 1280 814 quse

187 820 367 881 vindebonae
388 832 444 895 est,
463 822 560 889 illatus
574 842 650 885 esse.
691 825 803 887 Paulus
815 826 970 887 Manutius
987 845 1058 887 uum
1078 846 1139 885 sose
1156 827 1279 888 ediboni

186 913 304 973 codices
317 913 483 975 adhibuerit
495 934 597 987 novos,
615 916 794 979 sFeliciano
812 936 871 977 non
890 929 1055 997 usurpatos,
1074 917 1196 977 dubium
1214 928 1279 989 αις

185 1016 217 1065 et
230 1024 307 1085 pene
325 1025 444 1086 negem.
486 1008 611 1068 Wolfius
630 1008 670 1069 ad
688 1028 770 1070 suam
791 1022 873 1070 certe
892 1010 988 1071 nullos
1006 1009 1140 1070 adhibuit
1159 1009 1277 1071 codices

185 1098 284 1169 nistos,
298 1098 378 1178 quod
390 1098 527 1178 equidem
540 1102 681 1179 majorem
701 1100 732 1161 in
753 1101 873 1161 modum
890 1102 922 1161 in
934 1121 971 1161 eo
983 1102 1082 1173 miror,
1095 1102 1145 1182 qui
1158 1114 1277 1163 aetatem

185 1209 222 1270 ea
231 1191 261 1249 in
273 1192 346 1252 urbe
357 1192 491 1271 degeret,
505 1192 657 1272 uhi'copia
668 1192 724 1273 ipsi
738 1205 819 1255 esset
831 1213 886 1254 aex
900 1193 1034 1253 codicum
1048 1194 1279 1267 demosthenico·

184 1302 259 1356 rum,
272 1294 304 1343 et
313 1282 396 1345 iubis
407 1285 544 1356 omnium,
554 1296 700 1365 quotquot
709 1285 918 1365 hodiecogniti
926 1285 1012 1347 nobis
1020 1305 1140 1366 usquam
1150 1299 1276 1361 emant,

184 1375 246 1435 sinc
254 1376 454 1436 controversia
462 1375 641 1447 nobilissimi,
650 1376 849 1456 antiquissimi,
858 1377 1133 1439 etemendstissimi.
1162 1380 1277 1440 Sedens

53 1488 57 1493 ·
185 1468 226 1529 ad
242 1468 364 1540 fontem,
386 1478 439 1529 aut
455 1468 599 1547 ignoravit
617 1487 693 1539 eum,
713 1479 764 1528 snt
782 1468 824 1527 nil
844 1469 957 1530 tumus
975 1468 1042 1528 inde
1061 1470 1186 1532 haurire.
1210 1492 1277 1550 quse

185 1557 339 1621 secordia!
367 1558 526 1639 Postquam
535 1564 595 1635 jam
610 1556 717 1621 ercu'sa
730 1570 809 1620 esset
821 1560 899 1640 typis
911 1560 1002 1619 editio
1014 1563 1078 1631 ius,
1093 1570 1154 1621 tum
1168 1562 1277 1622 demun

61 1704 67 1711 .
185 1652 215 1711 in
229 1664 358 1714 mentem
370 1652 495 1724 eivenit,
507 1672 571 1713 esse
580 1653 700 1725 inurbe,
713 1650 763 1711 ubi
773 1652 871 1713 literas
881 1652 946 1731 ipse
955 1653 1071 1731 publice
1080 1654 1277 1733 profiteretur,
1362 1707 1368 1720 .

185 1746 368 1807 membranas
382 1744 590 1805 Demosthenis
603 1756 743 1816 vetustas,
757 1744 835 1805 forte
848 1762 912 1803 non
924 1743 1068 1823 indignas,
1082 1765 1148 1825 qum
1161 1746 1278 1806 confer·

182 1849 294 1897 rentur.
335 1836 486 1897 Commisit
505 1838 654 1914 negotium
672 1836 731 1909 alii,
750 1834 861 1895 homini
880 1836 967 1895 docto
980 1835 1100 1915 quidem
1112 1836 1165 1907 illi,
1177 1857 1274 1917 neque

180 1928 299 2008 ignm,
314 1927 500 1987 excusatione
518 1946 597 1999 usus,
611 1926 755 2007 probabili
766 1927 874 1999 limum,
886 1927 912 1987 si
923 1947 994 1987 vera
1005 1927 1119 1989 fuisset.
1160 1928 1274 1990 Verum

181 2020 327 2099 copiosius
339 2018 378 2079 de
388 2018 529 2079 'subsidiis
548 2018 705 2080 Demosth.
725 2019 822 2079 ὥοαω
841 2017 932 2098 paulo
950 2030 1026 2097 post,
1044 2020 1150 2097 quibus
1162 2019 1205 2079 nti
1218 2040 1272 2099 po·

181 2112 285 2173 suisset
298 2111 390 2183 Wolf,
404 2109 427 2171 si
440 2110 590 2171 voluisset.
633 2110 694 2171 Sed
708 2110 906 2169 condonemus
917 2110 995 2169 hanc
1014 2110 1131 2188 culpam
1150 2112 1275 2171 multim-

181 2203 244 2263 dini
256 2204 398 2273 laborum,
419 2201 524 2281 quibus
541 2204 662 2261 obrutus
682 2211 746 2260 erat
764 2203 861 2261 bonus
873 2200 923 2259 ille
935 2201 987 2272 sir,
1001 2211 1079 2259 sorte
1092 2220 1174 2272 usus,
1186 2212 1275 2265 aetate

180 2314 247 2375 sua,
261 2294 409 2356 communi
420 2293 508 2353 etiam
519 2294 610 2353 hodie
623 2292 688 2365 illis,
703 2293 752 2371 qui
762 2294 896 2369 jumenta
908 2304 976 2353 sunt
988 2291 1182 2367 librariorum,
1201 2315 1275 2374 qno·

182 2406 249 2446 rum
260 2385 412 2465 cupiditati
426 2404 546 2464 operam
559 2404 640 2444 suam
653 2383 773 2443 inlibris
787 2384 911 2445 edendis
923 2382 1107 2458 addixerunt,
1121 2397 1156 2445 ut
1168 2405 1220 2446 eos
1231 2387 1275 2448 lo·

180 2478 345 2557 cupletent‚
364 2477 419 2557 ipsi
438 2476 553 2535 interim
572 2475 649 2537 ieme
668 2487 835 2559 pereuntes,
856 2487 916 2549 aut,
936 2476 960 2537 si
980 2478 1057 2537 bene
1075 2496 1139 2538 rem
1155 2490 1272 2558 gerunt,

164 2617 168 2626 .
182 2591 253 2633 cum
266 2569 410 2631 nonnullo
423 2569 466 2629 rei
478 2568 624 2630 familiaris
645 2570 850 2643 emolmnento,
867 2569 954 2629 samse
966 2569 1108 2631 iacientes
1116 2575 1273 2647 jacturam,

181 2685 250 2726 cum
261 2661 435 2726 accessesit
453 2680 551 2743 opera,
570 2672 629 2721 non
645 2662 782 2734 scribere,
804 2662 858 2723 sed
877 2681 1023 2723 evomere.
1064 2663 1273 2725 condonemus

151 2815 154 2820 .
180 2757 270 2819 etiam
283 2755 384 2818 soecrrli
392 2753 475 2814 istim
488 2752 615 2824 ruditati,
626 2763 687 2824 tum
697 2755 827 2814 nondum
838 2753 967 2816 adsuetae
977 2754 1017 2814 ad
1027 2753 1206 2832 diligentiam
1216 2757 1273 2816 cri·

178 2849 278 2912 ticam
320 2849 416 2914 Quam
442 2845 551 2928 primus
576 2843 709 2906 adhibuit
729 2845 926 2906 Demostheni
952 2845 1034 2906 Guil.
1056 2845 1210 2917 Moschus,
1229 2846 1274 2906 vir

180 2940 328 3022 egregins,
342 2938 421 3000 idem
433 2949 531 2998 mmen
545 2936 655 3010 Wolfio
669 2938 799 3018 equalis,
815 2949 847 2998 et
859 2938 964 2999 eadem
983 2948 1071 2998 atate
1086 2957 1190 2998 saxum
1204 2958 1274 2998 curn

179 3033 243 3112 ipso
254 3030 372 3092 volvens
393 3026 667 3090 Demosthenicum.
708 3028 789 3090 Octo
803 3029 923 3108 codices
936 3029 985 3090 ille
998 3049 1065 3090 cum
1079 3030 1275 3108 Herwsgiana

181 3125 274 3206 prima
286 3123 421 3196 contulit,
435 3134 467 3183 ct
482 3119 626 3182 lectiones
646 3139 685 3180 ex
705 3120 761 3180 illis
776 3142 840 3183 ase
860 3133 994 3184 enotatas
1013 3123 1043 3182 in
1061 3123 1192 3202 margine
1211 3143 1274 3184 susc

181 3217 317 3278 editionis
336 3216 445 3292 retulit,
463 3233 531 3274 cum
552 3222 621 3272 nota
641 3217 778 3293 cujusque
799 3214 918 3288 codicis,
936 3213 1015 3274 unde
1036 3214 1128 3274 lectio
1148 3235 1274 3295 qnoeque

182 3317 276 3370 sumta
289 3319 374 3368 esset.
416 3305 543 3366 Codices
556 3303 621 3364 illos
641 3303 731 3366 literis
751 3307 899 3386 alphabeti
918 3307 1007 3386 groeci
1025 3305 1198 3386 designavit,
1215 3309 1273 3387 pri-

183 3419 263 3458 mum
275 3399 361 3458 litera
374 3423 404 3476 o,
418 3396 577 3457 secundum
588 3397 673 3456 litera
685 3395 717 3472 β,
729 3408 759 3457 et
773 3398 817 3458 sic
830 3418 929 3478 porro.
950 3397 1066 3458 Horum
1076 3397 1210 3459 codicum
1220 3419 1273 3461 no-

182 3491 275 3550 titiam
289 3509 306 3549 e
321 3489 449 3568 Tayloro
462 3497 575 3568 repete,
588 3487 612 3545 si
625 3486 733 3568 placet.
774 3489 885 3548 Verum
897 3509 957 3548 non
971 3489 1188 3568 processithoec
1202 3491 1273 3552 Mo·
1325 3525 1329 3532 ·

180 3582 247 3642 relli
257 3581 408 3660 diligentia
420 3581 497 3640 ultra
510 3589 622 3658 partem
634 3579 723 3650 illam,
732 3600 799 3660 quae
811 3580 874 3659 ipso
885 3581 982 3641 adhuc
992 3580 1147 3659 superstite
1160 3603 1274 3646 excuss

180 3676 247 3736 fuit.
287 3673 450 3754 Supersunt
469 3670 546 3730 illius
566 3671 721 3749 diligentia
742 3671 866 3752 vestigia
885 3672 1019 3750 quadam
1038 3673 1136 3732 adhuc
1155 3675 1185 3733 in
1205 3695 1270 3736 ora·

180 3766 260 3826 tione
278 3766 317 3826 de
337 3765 412 3826 falsa
430 3761 588 3842 legatione.
631 3761 667 3820 in
687 3761 903 3841 insequentibus
921 3763 1008 3841 plane
1028 3765 1196 3844 exspiravit.
1233 3769 1272 3828 In

180 3859 230 3919 illa
242 3868 325 3937 parte
340 3857 428 3914 Dem.
442 3851 603 3925 Lutatiani,
616 3871 703 3931 quam
721 3853 881 3914 Lambinus
900 3852 1020 3926 curavit,
1043 3866 1094 3915 aut
1110 3857 1206 3918 nullos
1219 3858 1271 3920 ille

179 3950 296 4011 codices
309 3947 445 4028 inspexit,
460 3954 511 4006 aut
523 3963 641 4024 perraro
654 3945 789 4026 inspexit,
803 3945 866 4006 sine
885 3946 995 4007 indicio
1012 3947 1131 4027 quidem
1152 3949 1270 4030 reliquit

180 4043 331 4114 lectiones,
344 4041 369 4100 si
383 4059 454 4120 quas
467 4033 547 4098 illin'c
560 4038 716 4118 excerpsit.
730 4039 822 4099 multo
836 4040 959 4100 rariores
974 4050 1041 4099 sunt
1052 4045 1115 4116 jam
1127 4041 1270 4104 lectiones

179 4135 334 4212 sanantes,
347 4152 434 4211 quam
445 4131 476 4190 in
492 4142 574 4210 parte
589 4149 607 4190 a
620 4129 748 4192 Mosella
760 4141 873 4203 curata,
884 4141 916 4192 et
926 4131 1097 4212 plerumque
1110 4151 1128 4190 e
1140 4131 1270 4193 fontibus

180 4227 347 4306 vulgaribus
360 4225 481 4284 haustae.
523 4221 583 4282 Sed
596 4221 652 4282 hac
665 4223 703 4282 de
721 4243 754 4284 re
769 4227 831 4300 J‘am
845 4243 933 4302 supra
945 4233 1067 4302 questus
1081 4241 1155 4280 sum.
1196 4222 1270 4284 Post

177 4317 361 4380 intervallum
373 4325 488 4376 centum
502 4325 533 4374 et
547 4315 734 4394 septuaginta
752 4315 816 4376 fere
836 4333 976 4375 annorum
996 4313 1105 4394 prodiit
1119 4312 1237 4392 Taylor‚
1251 4335 1271 4378 s

179 4430 238 4489 quo
251 4428 334 4488 paene
347 4406 507 4488 perfectam
521 4417 687 4486 poteramus
708 4407 866 4467 editionem
879 4407 969 4466 Dem.
983 4423 1112 4482 sperare.
1154 4394 1269 4469 Extulit

181 4519 249 4562 eum
261 4499 399 4560 saeculum
414 4498 505 4558 multo
518 4497 647 4576 pluribus
666 4499 736 4559 artis
756 4497 865 4558 criticae
885 4495 1066 4556 adminiculis
1086 4495 1268 4573 instructum,
