3150 5125
293 371 373 434 sistri
650 366 811 430 rn1slt11
833 360 1053 426 PRAEFATto

290 521 493 588 est-Initio
511 521 732 582 annotationum
751 520 792 581 ed
806 513 965 600 Ulpianum
979 517 1067 584 Wolf
1082 515 1124 578 eit
1136 522 1249 597 ptts
1261 535 1313 578 ess
1326 535 1346 578 s
1359 529 1400 582 tt

289 619 414 698 scriptas
427 635 492 676 esse
505 635 583 676 anno
596 621 683 678 1566.
719 613 782 674 Sed
792 633 860 682 cum
869 613 982 674 interes
991 609 1136 691 prodisset
1150 609 1242 670 editio
1251 609 1397 682 Paridon,

289 712 322 770 in
341 713 399 788 qua
420 708 539 789 Ulpiani
558 706 670 768 scholia
692 706 786 766 multo
808 717 877 766 sunt
899 703 1058 783 antiquitus
1080 701 1166 762 editis
1189 701 1397 780 locupletiora.

290 801 357 873 illis,
369 821 435 879 que
453 799 630 860 reddidisset
642 797 730 858 Wolf
746 797 776 856 in
796 817 851 858 sus
871 795 1009 866 editione,
1031 794 1099 854 ideo
1119 793 1304 854 secessiones
1328 793 1394 854 illas

293 912 395 954 smses
416 890 551 960 editioru's
574 890 713 952 Pmisinoe
729 889 852 950 seorsim
876 887 985 949 excudi
1001 885 1113 947 curerit
1135 905 1205 946 eum
1224 885 1317 948 latine
1339 904 1394 946 sus

293 981 543 1063 interpretatione.
572 1003 591 1042 a
617 1003 645 1062 p.
665 987 737 1043 262.
762 982 802 1042 nd
824 984 936 1060 p.800.
978 977 1089 1038 Tomus
1099 977 1154 1038 VI.
1166 975 1391 1056 comprehendit

294 1077 395 1137 Wolfii
408 1077 588 1156 aliorumque
599 1074 637 1134 ad
648 1075 802 1134 Demosth.
813 1071 1015 1133 annotationes
1035 1081 1067 1132 et
1088 1070 1199 1150 sylrsm
1218 1069 1393 1130 variantium

293 1170 452 1230 lectionum
473 1168 658 1247 indigestam.
711 1167 776 1227 hini
802 1165 1021 1226 arrnotetionum
1041 1183 1158 1224 suarum
1182 1163 1223 1224 ad
1246 1163 1392 1224 oradones

295 1260 503 1320 Demosthenis
515 1271 547 1320 et
560 1260 709 1321 AEschinis
723 1259 901 1320 edverserias
921 1256 1030 1333 edjeen
1043 1256 1130 1316 Wolf
1145 1255 1273 1316 schedas
1288 1254 1394 1315 Serim-

294 1354 368 1434 geri,
383 1353 538 1432 dequibus
559 1353 682 1433 exponit
702 1373 731 1432 p.
747 1357 816 1414 102.
857 1353 893 1410 In
906 1349 966 1412 lina
985 1349 1204 1410 annotationum
1224 1349 1264 1410 sd
1282 1359 1392 1408 tomum

294 1458 429 1527 quartum
443 1467 472 1526 p
483 1449 551 1511 137.
563 1465 663 1526 groecn
675 1444 807 1506 clausula
817 1453 940 1504 testatur
950 1459 1001 1502 ees
1014 1443 1160 1506 absolutas
1174 1461 1242 1532 esse
1253 1443 1293 1500 A.
1305 1444 1393 1504 1⁵69.

295 1539 494 1618 θαργηλιῶνος
518 1552 673 1618 μεσοῦντος
697 1538 739 1616 (h.
753 1556 782 1598 e.
797 1537 946 1615 Augusto)
967 1535 1002 1596 Ρ.
1018 1540 1086 1597 148.
1108 1534 1250 1614 incipiunt
1260 1533 1392 1611 Cutina·

295 1631 390 1691 tiones
404 1651 440 1690 ac
454 1631 578 1690 diversoe
595 1631 738 1690 lectiones
757 1627 789 1688 in
808 1627 954 1688 orationes
969 1625 1178 1690 Demosthenis
1198 1643 1253 1705 per
1267 1623 1394 1684 Wmoen·

294 1723 367 1782 tium
388 1721 579 1800 Obsopoeum,
593 1721 771 1780 uetustissimi
792 1721 934 1798 cujusdem
954 1721 1114 1796 exemplaria
1135 1719 1255 1778 eubodio
1275 1717 1393 1776 collecte

295 1834 349 1873 son
362 1822 472 1872 tuntum
484 1814 598 1872 editioni
607 1815 723 1884 Aldine,
737 1832 831 1871 oerum
843 1812 928 1870 etism
939 1811 1102 1883 Basileensi
1117 1829 1175 1890 qao
1185 1819 1326 1887 postremo
1338 1817 1390 1880 ert,

187 1956 190 1959 ,
295 1925 348 1963 sos
361 1905 418 1962 sine
429 1904 535 1984 fructu
555 1905 718 1964 adhibendo.
737 1923 800 1962 suen
814 1903 844 1962 in
863 1912 973 1973 neutro,
988 1922 1047 1980 qun
1059 1904 1102 1962 lic
1116 1903 1303 1980 enrmddntur,
1321 1911 1394 1962 recte

296 1997 404 2058 ludent.
446 1996 507 2056 Hic
520 2007 566 2057 est
582 1995 681 2056 titulus
703 1995 846 2076 opusculi,
862 1995 900 2056 de
919 2014 979 2074 quo
988 1999 1049 2070 jnm
1064 1995 1176 2054 dudum
1188 1994 1288 2055 dicere
1302 1993 1393 2054 dehu-

294 2090 392 2160 issem,
406 2088 461 2148 nisi
473 2089 563 2150 setius
583 2088 734 2151 duxissem
753 2088 904 2148 historiam
924 2087 1083 2148 editionum
1107 2087 1314 2148 Demosthenis
1334 2105 1393 2148 non

294 2181 478 2261 interrumpi.
517 2181 632 2242 Prodiit
645 2181 702 2240 hoc
715 2180 887 2260 opusculum
897 2179 1022 2238 Basilece
1035 2179 1161 2259 primum
1175 2179 1206 2238 in
1225 2189 1330 2258 quarto
1341 2179 1394 2238 mi·

295 2273 375 2334 nimo
392 2291 469 2332 anno
484 2278 573 2334 1533.
594 2272 729 2351 Triginta
742 2291 828 2351 piene
842 2271 925 2332 sonis
936 2281 1003 2350 post
1016 2271 1095 2332 idem
1102 2270 1190 2330 Wolf
1199 2271 1319 2332 editioni
1332 2289 1406 2333 stro.

297 2363 504 2424 Demosthenis
514 2363 635 2424 inseruit
647 2383 715 2423 cum
725 2363 824 2443 sliqus
842 2362 1014 2422 accessione
1027 2383 1091 2424 sus.
1133 2363 1300 2443 Obsopoeus
1317 2363 1393 2424 enim

297 2476 363 2516 cum
376 2456 507 2514 libellum
521 2475 607 2514 suum
617 2454 801 2534 Hieronymo
815 2455 1068 2533 Baumgartnero*
1082 2456 1205 2535 patricio
1218 2475 1255 2516 ec
1266 2453 1394 2516 senatori

298 2547 528 2626 Norinbergensi
548 2546 712 2621 obtulisset,
727 2547 817 2607 Wolf
830 2557 979 2607 renovata
1003 2547 1124 2609 editioni
1147 2548 1235 2627 hujus
1263 2547 1393 2628 epistole

298 2640 497 2714 dedicatorise,
514 2641 601 2701 aliam
622 2660 704 2701 enam
718 2639 852 2701 edistius
870 2640 1047 2719 Hieronymi
1061 2640 1280 2719 Puumgnrtneri
1293 2640 1393 2713 filium,

295 2732 371 2815 patri
398 2734 612 2813 cognominem,
639 2732 799 2795 Consulem
821 2730 1080 2811 Noribergensem
1104 2732 1222 2809 adjecit.
1279 2732 1313 2793 ln
1335 2733 1392 2793 hoc

297 2827 437 2907 opusculo
448 2826 615 2907 Obsopoem
635 2827 717 2887 locos
727 2846 787 2885 non
801 2844 912 2905 paucos
927 2824 1133 2887 Demosthenis
1145 2824 1247 2886 Aldini
1260 2846 1278 2885 e
1291 2826 1392 2887 codice

296 2918 504 2997 manuscripto,
518 2918 568 2997 qui
582 2918 612 2977 in
630 2937 733 2977 manus
751 2921 813 2992 ejus
832 2926 952 2977 venerut
975 2936 992 2977 e
1007 2916 1167 2989 Psnnonia,
1188 2916 1320 2987 correxit,
1340 2927 1392 2977 sut

200 3043 203 3050 ·
297 3010 391 3070 saltim
405 3009 497 3069 rarius
518 3012 582 3087 ejus
603 3009 745 3069 lectiones
767 3008 936 3087 expromsit.
979 3011 1078 3076 Quare
1092 3009 1294 3069 Pannonicum
1314 3009 1392 3071 hunc
1520 3068 1526 3076 ,
1563 3002 1564 3011 ’

296 3094 430 3163 codicem
444 3101 526 3160 soleo
541 3100 690 3179 appellare
704 3098 743 3159 ad
756 3099 923 3179 exemplum
934 3100 1044 3161 Wolfii.
1059 3100 1109 3181 qui
1127 3102 1222 3161 codes
1234 3121 1293 3181 quo
1306 3102 1393 3161 dere·

227 3247 232 3253 .
297 3193 373 3252 nerit
386 3190 603 3251 hnudconstat.
645 3191 715 3251 Non
728 3190 783 3250 fuit
804 3191 853 3251 ille
872 3192 991 3271 quidem
1009 3193 1127 3273 optimas
1145 3203 1232 3255 note.
1248 3194 1338 3254 habet
1351 3204 1393 3253 ta·

297 3305 365 3345 rnen
378 3282 525 3343 interdum
538 3283 682 3345 lectiones
696 3304 756 3343 non
770 3286 1013 3347 contemnendus.

338 3376 397 3436 Sed
411 3376 502 3437 redeo
513 3377 553 3437 nd
566 3398 639 3457 opus
653 3378 840 3439 Wolfiunum.
883 3378 979 3439 Erunt
997 3379 1060 3441 sine
1075 3378 1165 3439 dubio
1180 3380 1229 3460 qui
1243 3378 1393 3451 mirentur.

264 3551 267 3557 Ι
298 3490 366 3529 eum
380 3470 455 3529 inter
477 3479 603 3548 quatuor
624 3470 752 3541 codices,
775 3471 916 3549 equibus
940 3482 1087 3551 excerptse
1106 3470 1239 3531 dicuntur
1252 3472 1395 3533 variaele·

297 3562 410 3623 ctiones
424 3583 454 3641 p.
468 3567 609 3623 tes-142.
623 3563 737 3641 posite,
753 3562 949 3623 Felicienesm
963 3564 1167 3637 nominassem,
1183 3583 1282 3625 rursus
1298 3575 1395 3625 temen

258 3689 263 3698 -
296 3676 329 3735 p.
342 3656 410 3718 137.
434 3666 590 3714 occurrant
607 3656 764 3715 varietates
785 3674 803 3715 e
826 3655 1002 3716 Felicienea.
1044 3656 1170 3717 Causam
1189 3657 1231 3715 rei
1252 3658 1355 3736 accipe
1374 3675 1395 3717 a

298 3745 379 3807 breri
402 3745 502 3805 Wolfii
523 3746 580 3807 hec
602 3748 792 3825 prefatione:
814 3746 884 3807 Post
907 3747 1092 3809 immaturum
1116 3748 1227 3809 obitum
1250 3748 1395 3828 Bolgangi

298 3838 475 3919 Empacheri
500 3839 874 3901 Tirolensis-Clauditur
896 3841 953 3901 hoc
979 3852 1150 3919 excerptum
1178 3840 1235 3901 hnc
1264 3841 1395 3901 clausula

299 3936 400 4013 Atque
413 3933 532 3993 hec-ex
551 3932 787 3993 annotationibus
801 3932 874 3993 meis
893 3932 922 3991 in
937 3933 1116 3993 Felicinnum
1139 3933 1271 3993 codicem
1295 3933 1395 3993 confe-

212 4096 216 4108 .
296 4026 354 4085 ctis
367 4036 437 4085 ante
448 4045 539 4085 annos
549 4029 598 4085 22.
613 4030 632 4085 8
648 4025 748 4085 Nonas
760 4024 920 4085 Decembr.
934 4028 1022 4085 1569.
1064 4024 1184 4103 Ergone
1198 4025 1396 4085 nonsunthae

298 4138 386 4177 merse
397 4118 484 4177 varius
495 4118 647 4189 lectiones,
659 4136 676 4175 e
691 4116 865 4187 Felicianen,
876 4115 927 4178 sed
938 4116 1107 4175 intermistae
1119 4104 1398 4195 quoque'suntWol-

296 4212 327 4269 fii
338 4210 539 4289 conjectures?
561 4208 762 4269 Examinetur.
776 4206 941 4287 Insequitur
955 4206 1063 4287 duplex
1073 4206 1205 4269 accessio
1214 4228 1253 4267 err
1268 4206 1396 4268 editione

329 4366 346 4395 ⁸
361 4364 479 4419 viderint,
490 4362 576 4425 quibus
590 4362 683 4411 familia
693 4362 798 4422 perfide
815 4360 1040 4425 Norinbergensimn
1054 4360 1168 4418 notiores,
1178 4376 1246 4422 qnsm
1259 4360 1325 4418 milri,
1336 4364 1400 4415 sunt.

298 4456 351 4489 sonu
362 4448 428 4498 pstor
439 4442 477 4488 hio
485 4442 517 4488 sit
525 4441 589 4487 illins
600 4440 637 4487 Io.
649 4440 745 4501 Georgii
758 4440 944 4505 Bsnmpsstaerh
955 4438 994 4489 cui
1005 4440 1117 4490 Erasmus
1129 4438 1302 4487 Roterodsmns
1313 4434 1400 4505 editi*

299 4534 352 4569 sen
362 4517 540 4579 Herwsgisnsm
548 4517 645 4583 prinam
656 4516 784 4579 inscripsit.
