3150 5125
406 408 468 469 sn
489 374 616 472 suum
628 412 850 477 ueuosrn.
870 414 1083 481 errarint.
1249 425 1291 486 ru

205 570 287 641 perte
299 568 357 623 nou
369 558 469 644 perum
481 566 597 647 adjutus
608 588 671 627 sum
682 570 794 629 loannis
806 572 959 631 Beresords'
970 571 1111 643 feliciani,
1127 570 1287 635 doctissimi

204 654 264 726 riri,
284 654 440 735 diligentia,
461 658 511 737 qui
533 660 643 719 curarit
664 672 698 721 ut
718 663 866 741 exemplar
888 664 1094 724 Demosthenis
1112 683 1151 723 ex
1173 664 1288 729 officina

204 746 351 808 Francisci
370 749 498 809 Bracinli
517 751 633 823 Veneti,
654 754 732 831 quod
744 755 922 834 'llersagius
942 776 1033 836 nuper
1056 756 1207 816 emuntur
1231 770 1287 831 est,

205 837 302 897 multis
315 841 345 899 in
357 838 430 901 loc'is
442 842 614 903 haberemus
628 844 798 904 correctius.
836 848 1008 925 Quanquam
1016 846 1042 906 is
1052 866 1168 925 quoque
1180 859 1287 909 nasum

204 929 352 993 industriae
371 936 512 1014 permulta
530 945 559 996 et
577 936 777 1015 investiganda
796 937 920 1016 reliquit,
941 948 972 997 et
991 938 1153 1011 divinanda,
1169 960 1236 1019 quae
1255 941 1285 1003 in
1396 932 1402 944 ’

141 1096 144 1101 μ
201 1024 303 1082 nostris
324 1026 568 1088 Annntationibus
588 1028 715 1088 indicata
734 1027 840 1086 eruditi
859 1029 974 1087 lectoris
992 1029 1102 1105 Judicio
1122 1032 1284 1093 committe·

202 1130 277 1176 mus.
318 1116 416 1179 Altera
429 1130 481 1192 est,
496 1120 584 1200 quod,
599 1121 622 1179 si
641 1120 792 1179 didictrltss
804 1137 863 1178 non
881 1122 1011 1200 corrupti
1024 1122 1195 1200 exemplaria
1208 1110 1294 1197 esse,

202 1210 256 1269 sed
269 1212 315 1270 rel
327 1213 490 1285 verborum,
505 1210 551 1273 vel
571 1213 697 1292 ipsarum
717 1230 814 1272 rerum
825 1211 958 1271 ridetur:
979 1212 1087 1271 nullius
1107 1232 1154 1273 me
1166 1215 1283 1290 laboris,

200 1300 306 1361 nullius
320 1323 418 1382 operer
427 1306 519 1383 piget,
532 1304 562 1363 in
573 1303 756 1363 consulendis
767 1302 974 1363 etovolvendis
985 1302 1099 1381 optimis
1113 1305 1283 1385 quibusque,

200 1401 263 1452 tum
275 1404 415 1465 veterum,
437 1407 499 1454 tum
517 1395 687 1466 recentium,
709 1384 869 1472 griseorum
887 1405 918 1457 et
936 1392 1089 1455 latinonrm
1109 1411 1285 1459 commenta·

178 1472 182 1479 ’
200 1484 266 1545 riis:
288 1504 343 1545 nee
362 1488 464 1546 doctor
486 1487 573 1545 etism
585 1487 670 1558 viros,
687 1486 712 1545 si
732 1487 846 1545 occasio
863 1486 959 1557 datur,
979 1486 1119 1547 sciscitari
1135 1489 1286 1551 erubesco.

203 1578 303 1655 Atque
316 1579 424 1638 utinam
439 1579 590 1638 laudabilis
608 1579 658 1637 illa
671 1590 800 1637 veterum
813 1579 996 1637 consuetudo
1008 1578 1208 1651 reduceretur,
1226 1599 1284 1659 qus

200 1668 240 1727 illi
251 1688 340 1747 opera
351 1690 411 1740 sua,
424 1671 588 1749 priusquam
600 1669 629 1728 in
646 1670 793 1749 publicum
807 1671 974 1741 ederentur,
984 1670 1015 1730 in
1027 1690 1166 1731 consessu
1179 1673 1282 1733 docto-

199 1778 271 1831 rum,
290 1760 379 1819 libere
398 1756 577 1840 candideque
591 1761 792 1835 judicantium,
809 1762 977 1822 recitabant.
1018 1763 1096 1822 Nam
1114 1783 1150 1823 es
1169 1765 1279 1827 ratione

196 1852 314 1912 infinitae
326 1864 357 1913 et
370 1848 521 1913 verborum
537 1864 569 1913 et
581 1856 681 1913 rerum
690 1853 809 1933 ineptire
820 1854 988 1913 vitarentur.
1020 1854 1116 1913 Nemo
1129 1856 1206 1917 enim
1218 1868 1280 1917 tam

195 1954 295 2005 acutus
315 1956 369 2016 est,
389 1964 475 2006 nemo
493 1956 552 2005 tarn
571 1945 700 2024 vigilam,
721 1946 791 2024 quin
810 1945 880 2005 alias
899 1945 1096 2024 incogitantia,
1115 1947 1186 2012 alim
1199 1948 1280 2025 igno-

194 2040 296 2109 rantia,
311 2049 341 2098 et
351 2058 429 2099 caeco
440 2058 538 2098 amore
552 2039 595 2097 sui
608 2037 809 2097 hallucinetur.
849 2039 910 2098 Sed
920 2057 987 2096 cum
998 2050 1031 2097 ut
1043 2038 1100 2099 clia
1118 2040 1220 2116 mults,
1232 2040 1277 2101 sic

193 2128 250 2189 hoc
264 2150 380 2209 quoque
393 2132 501 2190 bonum
514 2129 592 2189 etati
604 2138 709 2189 naahas
722 2129 807 2198 desit,
815 2149 874 2188 uno
884 2135 1040 2189 contentus
1052 2130 1105 2200 fui,
1120 2130 1279 2191 Seboaioao

193 2219 360 2292 Castaliam,
373 2218 489 2281 homine
503 2220 635 2281 acerrimi
647 2219 765 2298 ingenii,
780 2218 899 2295 egregia
920 2218 1008 2276 trium
1028 2219 1192 2295 linguarum
1207 2240 1278 2298 aog-

193 2312 306 2371 nitione
316 2313 360 2387 (id
370 2314 448 2391 quod
461 2313 550 2391 ipsius
562 2320 749 2370 monumenta
761 2318 793 2367 et
800 2308 959 2379 declarent,
970 2318 1001 2367 et
1015 2307 1211 2382 declarabunt,
1225 2330 1277 2369 ne·

190 2422 252 2481 que
266 2404 327 2462 ullo
337 2404 393 2462 alio
406 2402 542 2481 proecon'e
554 2399 707 2479 indigent),
718 2400 844 2459 candore
853 2410 883 2459 et
897 2400 1076 2462 humanitate
1087 2401 1234 2479 singulari,
1245 2414 1276 2465 ct

193 2490 437 2552 melioratortu'na
449 2491 632 2570 liberalisque
645 2490 755 2570 patroni
762 2489 942 2570 benignitate
954 2490 1137 2570 dignissimo:
1150 2496 1209 2572 qui,
1217 2512 1276 2574 qua
1331 2484 1335 2496 ¹

194 2596 242 2644 est
251 2585 402 2662 facilitate,
415 2603 469 2664 pro
482 2583 606 2642 amicitie
619 2593 717 2643 nosue
729 2602 787 2642 non
800 2583 943 2644 recusavit
962 2583 1094 2644 conferre
1110 2605 1222 2646 mecum
1235 2587 1276 2648 sd

193 2685 323 2754 meeum
336 2673 486 2753 exemplar
498 2693 632 2751 magnam
643 2673 933 2735 Demostheoicarum
942 2675 1104 2734 orationum
1112 2687 1230 2754 partem,
1242 2689 1274 2738 et

193 2768 231 2826 de
244 2765 340 2825 multis
353 2766 490 2825 sermonis
503 2765 578 2824 vitiis
596 2785 644 2825 me
664 2765 901 2845 admonuitque
920 2784 987 2844 ego,
1007 2766 1100 2826 fretus
1119 2768 1274 2840 autoritate

188 2851 349 2926 recentium
370 2857 685 2935 scriptorumquorum
701 2857 738 2936 ab
752 2857 872 2918 ineunte
892 2867 979 2918 emec
996 2857 1063 2937 plus
1074 2858 1144 2928 satis
1156 2857 1198 2918 fui
1211 2870 1272 2921 sto·
1311 2929 1314 2935 ¹

190 2943 296 3020 dicius,
311 2959 379 3009 ante
390 2967 445 3028 prn
457 2949 530 3008 vitiis
544 2967 602 3008 non
619 2947 778 3010 habebam:
800 2969 879 3008 nunc
890 2950 1063 3022 admonitus,
1076 2951 1217 3030 pleraque
1229 2950 1273 3011 fa-

190 3041 246 3101 cile
266 3035 369 3100 carere
388 3035 472 3119 posse
492 3041 599 3101 videor,
639 3041 781 3119 Denique,
795 3042 845 3100 ubi
864 3059 911 3100 roe
929 3041 994 3100 hoec
1019 3042 1117 3103 omnia
1133 3043 1271 3122 presidio

188 3123 357 3204 destimunt,
371 3129 429 3192 non
442 3133 538 3204 video,
553 3151 606 3192 cur
619 3151 677 3192 non
690 3132 720 3190 in
733 3133 810 3211 requi
821 3132 939 3194 lectoris
952 3133 1129 3202 humanitate
1142 3134 1269 3194 certissi-

184 3243 267 3284 mam
279 3215 464 3306 reniaespem
477 3226 633 3305 repositam
643 3227 758 3286 habere'
766 3227 906 3286 debeam:
926 3227 982 3287 etsi
993 3227 1142 3300 confitear,
1155 3247 1203 3288 me
1216 3249 1268 3290 ve·

189 3315 234 3374 lut
245 3309 406 3376 in'selebris
418 3316 538 3377 hoere're.
580 3318 614 3377 ln
626 3336 684 3396 quo
698 3335 754 3394 ego
766 3317 890 3376 suenter
902 3317 1047 3378 interdum
1060 3338 1161 3378 eorum
1172 3317 1268 3380 ridere

188 3409 269 3470 soleo
279 3410 417 3489 puerilem
430 3407 632 3490 arrogantiam,
645 3411 696 3488 qui
708 3411 850 3470 inscitiam
862 3429 942 3472 suam
956 3411 993 3471 ab
1005 3412 1097 3472 acutis
1108 3412 1266 3475 lectoribus

188 3497 375 3580 deprehendi,
388 3500 472 3580 quarn
484 3503 611 3579 ingenue
625 3500 764 3568 confiteri,
777 3501 898 3560 malunt.
924 3503 1015 3569 Quasi
1028 3513 1266 3582 sarapropterea

185 3592 225 3652 sis
239 3591 504 3670 reprehendendus,
516 3593 540 3649 si
558 3602 625 3670 post
638 3591 796 3651 adhibitam.
807 3609 921 3650 omnem
934 3593 1123 3670 diligentiam,
1133 3596 1264 3672 quadam

185 3683 345 3762 ignoraris?
359 3693 408 3740 sut
417 3681 492 3741 ullus
505 3680 620 3741 omnino
633 3683 669 3742 sit
682 3691 766 3742 autor
778 3683 808 3740 in
820 3693 942 3762 utraque
955 3683 1056 3761 lingua
1064 3685 1110 3744 vcl
1120 3688 1264 3760 minimus,

186 3769 229 3832 de'
238 3779 320 3849 cnjus
330 3774 402 3833 locis
416 3773 524 3851 aliquot
534 3793 596 3832 non
606 3774 644 3832 sit
652 3773 759 3834 homini
772 3772 916 3852 prudenti,
927 3783 959 3832 et
966 3775 1107 3850 judicium
1121 3797 1179 3836 non
1192 3799 1265 3858 praa·

186 3867 327 3946 cipitanti,
345 3866 556 3925 dubitandum?
577 3865 656 3932 Quid
671 3866 709 3925 de
722 3866 921 3926 Demosdrene
933 3867 1070 3941 dicemus,
1091 3870 1141 3948 qui
1159 3884 1264 3950 praeter

185 3960 252 4019 locs
265 3961 421 4038 depravata
439 3958 595 4036 complura,
606 3961 676 4016 'tam
696 3967 807 4027 acutus,
828 3969 889 4018 tam
909 3959 1015 4032 brevis,
1035 3972 1095 4020 tam
1114 3963 1262 4034 rotundus,

183 4062 243 4113 tam
266 4051 394 4110 lubricus
407 4053 460 4121 est',
474 4061 508 4108 ut
527 4069 584 4128 ego
604 4049 721 4128 quidem
742 4047 777 4108 iis
789 4049 1000 4130 ignosaamqui
1013 4055 1076 4130 ejus
1088 4055 1263 4130 sententiam

182 4144 288 4205 alicubi
308 4163 366 4203 non
381 4153 447 4202 sunt
457 4141 595 4201 assecuti:
620 4131 650 4201 et
669 4141 875 4218 ignoscendum
893 4141 963 4200 mihi
984 4154 1094 4220 putem,
1106 4145 1131 4204 si
1151 4145 1181 4201 in
1201 4155 1262 4204 tam

181 4239 271 4316 longo
291 4253 380 4315 opere
393 4234 546 4313 aliquando
566 4253 681 4294 somnus
694 4234 863 4315 obrepserit,
876 4231 1063 4294 diuturnitate
1084 4235 1215 4294 laborum
1229 4247 1259 4298 et

182 4328 342 4410 vigiliarum
356 4325 531 4406 defatigato:
546 4326 575 4384 in
587 4343 693 4404 magna
704 4326 864 4409 presertim
876 4324 1013 4402 temporis
1025 4323 1173 4396 brevitate,
1186 4327 1260 4386 mul·

182 4421 273 4497 tlsque
286 4418 484 4479 incommodis.
525 4417 600 4477 Num
610 4437 674 4476 cum
687 4427 792 4496 praeter
804 4426 911 4478 coeoers
920 4417 1045 4475 malaet'
1053 4415 1178 4492 negotia,
1192 4437 1258 4496 quse

180 4527 242 4568 ‘non
260 4529 355 4587 pauca
374 4527 428 4570 nac
442 4509 568 4590 opinanti
582 4510 696 4583 objecta
712 4519 790 4579 suut,
803 4506 928 4573 docendi
943 4524 990 4566 me
1009 4504 1092 4566 labor
1104 4519 1258 4587 quaternas

224 4617 298 4661 von.
319 4619 342 4662 r.
765 4599 795 4676 f
