3150 5125
308 378 420 443 clxxxii
645 370 809 435 nntsm
829 368 1052 435 PRAEFATIO

310 550 399 615 qoem
410 530 465 591 nit
478 528 619 591 socnlom
631 526 717 587 xvl.
746 524 865 587 Aderat
880 524 911 585 ei
928 541 990 585 non
1009 521 1228 585 eorumne·
1244 522 1334 602 copis
1351 536 1414 585 ssu

310 627 447 685 librorum
466 622 579 683 calamo
599 628 795 695 crantorem,
814 636 869 677 seu
880 616 1052 678 minutium
1069 632 1112 676 ex
1130 614 1167 677 iis
1184 624 1413 694 excerptum.

309 734 432 797 querum
445 714 572 775 indicem
592 716 655 789 ejus
675 709 806 791 prefstio
826 708 961 781 exbibet,
977 708 1009 769 in
1028 708 1110 770 coice
1122 707 1214 769 nostri
1226 707 1337 787 operis,
1348 726 1413 769 uns

309 828 377 869 cum
389 807 512 867 aliorum
524 803 755 885 prefationibus,
768 822 789 862 a
799 800 886 863 nobis
906 798 1081 889 reddepdc'
1108 800 1172 862 bed
1190 800 1283 861 nimis
1293 800 1324 863 ei
1335 818 1413 861 cun·

310 900 401 963 motio
414 898 520 969 offedt,
535 896 636 958 nescio
647 896 751 975 quibus
763 912 783 955 ι
796 894 892 955 censis
904 892 1050 973 profecte.
1079 891 1318 969 Interimjcdida
1327 911 1411 972 quo·

310 993 379 1053 daur
393 993 457 1071 ejus
469 990 509 1049 de
521 988 672 1049 codicibus
692 985 877 1066 quibusdam,
889 986 940 1065 qui
952 985 982 1045 ei
992 993 1102 1064 presto
1119 996 1215 1059 erant,
1233 984 1284 1047 bic
1296 985 1412 1047 refero·

311 1100 388 1145 mut.
431 1080 668 1161 Altetnprisnum
680 1076 800 1139 scholiis
812 1079 854 1139 u‘t
867 1076 1094 1139 contaminatius
1114 1096 1192 1149 esse,
1210 1096 1243 1157 p.
1264 1082 1336 1145 14¹1.
1355 1080 1410 1141 87.

312 1188 344 1238 st
355 1180 406 1239 to.
427 1174 644 1235 baroccienum
656 1172 698 1233 ait
711 1190 749 1231 ox
761 1170 937 1251 Angustano
954 1169 1050 1249 primo
1068 1164 1251 1249 ermiptum
1267 1188 1347 1243 esse,
1357 1180 1412 1231 aut

311 1268 505 1333 maestum
518 1285 559 1326 cx
574 1265 680 1345 illo,p.
695 1270 765 1327 828.
779 1266 831 1329 27.
844 1263 948 1342 inquo
965 1260 1028 1321 falli
1040 1261 1132 1335 virum
1149 1261 1351 1323 doctisa'unurn
1370 1282 1410 1323 ez

312 1382 350 1424 eo
364 1366 492 1435 consmt,
505 1359 586 1441 qaod
598 1358 800 1419 Barocciaous
813 1356 897 1435 leges
909 1365 941 1415 et
961 1354 1083 1415 boen
1098 1353 1199 1424 bsbst,
1218 1374 1287 1432 qtae
1300 1354 1408 1415 dean

313 1453 497 1533 Angusteno.
537 1451 741 1529 Angustanum
753 1449 841 1521 bunc,
856 1447 1115 1509 wndobooeoeem
1135 1456 1167 1509 et
1178 1444 1408 1514 Wolienbuitte·

312 1546 426 1606 lennem
439 1545 504 1605 lere
517 1542 628 1621 ubique
644 1540 722 1603 inter
739 1558 771 1603 rc
792 1538 970 1611 consentire,
982 1558 1052 1599 vere
1068 1538 1201 1611 sffirmst,
1214 1540 1287 1613 item
1297 1540 1331 1601 in
1342 1560 1408 1603 ora·

314 1637 395 1701 noos
408 1634 557 1715 Leptines
569 1635 773 1712 Augustarum
788 1640 819 1693 et
828 1632 1041 1713 Harleyenum.
1081 1631 1215 1694 Tandem
1227 1633 1337 1695 edendi
1345 1634 1409 1695 Do·

313 1726 474 1789 mostbonir
488 1725 526 1787 sd
538 1745 585 1785 mo
599 1725 719 1785 devenit
729 1745 804 1799 sors,
812 1725 887 1787 laxit
900 1726 984 1798 dens,
996 1734 1030 1784 nt
1041 1742 1079 1785 ss
1089 1724 1218 1804 mihique
1230 1726 1408 1806 publiceque

314 1820 445 1881 rsetmda
458 1817 557 1881 tirerit.
599 1818 689 1885 Quod
701 1818 741 1877 sd
753 1838 829 1899 opus
842 1817 1051 1877 dsbormdum
1061 1815 1167 1895 quibus
1178 1818 1354 1881 soeoeserim
1362 1818 1408 1879 in·

315 1920 443 1973 motas
458 1908 559 1990 copiis,
572 1926 671 1969 meum
684 1928 765 1973 nunc
779 1921 827 1971 est
839 1910 949 1971 dicem.
967 1910 1049 1988 quod
1061 1908 1168 1971 facins
1179 1910 1238 1971 boc
1250 1910 1406 1989 copiosius,

310 2022 376 2085 ¹qno
386 2002 503 2083 porcius
514 2002 552 2063 de
561 2000 617 2063 illis
627 2001 778 2063 codicibus
787 2002 918 2075 aliorum,
927 2021 1002 2081 quos
1014 2020 1153 2081 usurpes·
1161 2001 1232 2063 mibi
1243 2021 1305 2063 non
1316 2001 1408 2075 listris,
1420 2043 1423 2050 ι

315 2095 483 2158 moerens
505 2094 660 2174 diqrutari.
702 2094 764 2155 Sed
781 2105 940 2174 entsquam
960 2093 1033 2154 illuc
1052 2093 1168 2153 reniam
1184 2093 1265 2173 prius
1283 2112 1407 2156 mare·

315 2188 437 2251 morrbo
457 2187 576 2249 codices
600 2186 857 2261 Demosthenicos,
874 2204 951 2267 quor
973 2185 1045 2247 tlibi
1062 2194 1177 2247 erstem
1196 2186 1344 2266 proditm
1361 2197 1408 2249 et

316 2298 477 2343 momorum.

745 2520 874 2595 SEGT.
895 2524 983 2594 XV.

318 2775 322 2782 ι
404 2691 452 2756 De
465 2695 598 2756 codicibus
612 2693 803 2777 Demosthenis
815 2698 844 2757 io
858 2696 1021 2758 bibliothecis
1029 2698 1134 2776 possim
1146 2699 1322 2758 ιιαωίἰὸω.
1396 2701 1400 2708 '

358 2861 434 2924 Nou
448 2874 493 2922 est
506 2863 618 2923 animus
630 2857 846 2924 bibliothecam
858 2859 1098 2921 brbliothecerum
1108 2857 1408 2934 Montfauconiooerr,

285 2969 288 2974 '
317 2965 368 3016 nat
380 2949 1077 3026 Coislinisnam,autBendiniiFlorentinum,cut
1086 2949 1409 3031 catalogummstom

317 3063 435 3123 magnae
456 3043 615 3104 Britannioe
636 3045 814 3116 exscribere,
835 3051 865 3103 et
883 3061 1019 3104 numeros
1031 3063 1196 3124 proponere
1210 3043 1345 3105 codicum
1357 3043 1408 3103 ds·

318 3133 574 3206 mostbenicorum,
597 3135 646 3213 qui
667 3133 803 3195 dicuntur
822 3134 853 3194 in
873 3133 1058 3196 bibliothecis
1079 3135 1235 3213 Vaticcne,
1259 3135 1407 3206 Medicea,

319 3225 526 3296 Ambrosiena,
541 3223 772 3299 vindobonensi,
794 3225 935 3301 Leidense,
950 3225 1082 3299 Gallicis,
1097 3227 1276 3310 Hispanicis,
1289 3227 1408 3308 publicis

318 3313 473 3399 privatisve
486 3315 623 3395 reperiri;
650 3335 723 3396 quos
737 3335 837 3380 omnes
850 3319 950 3400 utique
965 3319 1140 3399 expediebat
1153 3340 1172 3380 e
1183 3319 1288 3381 sedulo
1299 3320 1409 3380 editore

319 3405 529 3470 Demosthenis
541 3427 601 3468 non
614 3407 814 3488 perfunctorie
828 3411 1006 3491 perlustrari,
1017 3411 1072 3471 sed
1082 3411 1237 3492 diligenter
1245 3411 1409 3494 percenseri

319 3509 352 3562 et
366 3517 434 3560 cum
448 3497 534 3560 editis
548 3499 720 3580 comparari.
760 3493 882 3562 Nullum
896 3503 973 3561 enim
987 3503 1107 3563 dubium
1121 3515 1177 3575 est,
1191 3523 1328 3583 magnum
1347 3505 1409 3584 ejas

318 3593 363 3653 rei
383 3589 509 3652 fructum
538 3591 663 3654 loturam
690 3613 755 3656 esse
775 3613 867 3674 remp.
887 3594 1053 3657 litereriam.
1093 3593 1208 3657 Paucos
1229 3596 1409 3657 solummodo

321 3681 557 3745 commemorabo
579 3685 698 3747 codices
715 3687 810 3747 minus
822 3685 946 3747 forsitan
959 3686 1079 3766 publice
1090 3698 1187 3759 notos,
1201 3707 1324 3768 quorsum
1337 3687 1410 3746 noti·

317 3777 391 3836 tiam
404 3775 465 3836 fors
477 3775 596 3837 fortnas
609 3777 685 3840 inter
704 3779 863 3858 legendum
876 3795 943 3840 cum
956 3777 1119 3852 obtulisset,
1134 3780 1164 3839 in
1177 3779 1349 3840 edrersrriis
1360 3797 1409 3839 en-

318 3867 430 3930 notavi.
465 3869 602 3934 Quorum
616 3888 770 3931 enumero
784 3880 829 3931 est
895 3887 899 3894 ’

360 3959 578 4032 breslaviensi,
598 3979 665 4040 pars
684 3961 883 4034 bibliothece,
906 3981 973 4040 quae
992 3961 1139 4041 quondam
1151 3961 1208 4022 fuit
1221 3960 1410 4041 Rbedingeri‚

318 4051 438 4114 nuncin
449 4053 609 4132 gymasdo,
620 4055 698 4134 qnod
710 4053 869 4115 Breslovioe
883 4064 938 4127 est,
952 4053 1141 4114 Elisabstano
1154 4062 1328 4114 ascensius.
1349 4053 1412 4114 fln-

315 4149 365 4224 jus
378 4143 491 4206 codicis
503 4145 618 4224 roganti
631 4143 702 4204 mibi
715 4145 803 4226 copia
821 4156 931 4224 negata
946 4154 1001 4206 est.
1021 4145 1156 4205 notitiam
1168 4148 1233 4224 ejus
1247 4165 1301 4225 per
1312 4143 1410 4204 btm

317 4239 390 4298 mibi
411 4235 494 4298 dedit
514 4235 645 4297 Arletlus
657 4235 697 4298 V.
713 4237 750 4299 C.
772 4237 885 4298 Rector
901 4235 979 4296 illics
999 4237 1162 4318 Gymnasii.
1178 4239 1259 4296 unde
1273 4236 1410 4309 intellexi,

322 4330 454 4394 codicem
475 4331 558 4390 illum
577 4329 723 4410 quondam
748 4330 880 4389 Andreoe
903 4329 1158 4401 nudiustertius,
1179 4342 1211 4390 et
1235 4327 1411 4409 Philippica

322 4443 389 4484 cum
413 4433 498 4486 orott.
522 4441 577 4504 pro
597 4437 707 4485 corone
726 4433 757 4484 et
775 4421 813 4484 de
828 4421 904 4484 falsa
922 4422 1071 4504 legatione
1091 4441 1157 4482 cnm
1176 4420 1295 4484 scboii'u
1314 4420 1411 4482 multis

317 4525 434 4576 tenere.
692 4527 696 4536 ’
1027 4531 1033 4540 ·
1101 4537 1106 4544 ·
