3150 5125
304 386 390 447 erni
472 346 477 353 ’
631 373 793 445 snrsru
820 380 1043 443 rumino

309 558 420 620 genere
430 536 600 609 communis,
610 546 640 598 et
652 548 687 597 ut
698 537 840 617 proetm
851 536 974 599 aliorum
987 534 1104 597 inventu
1114 532 1221 593 lubeus'
1231 541 1265 591 et
1276 528 1424 611 gestiens

308 652 516 703 commemoro,
527 630 672 703 collaudo,
682 631 862 712 deproedico,
870 631 914 691 sic
922 629 1052 710 lapsibus
1062 626 1417 704 eorumfacilisignosco.

311 728 409 792 Quam
428 723 553 785 eundem
570 723 740 803 equitarem
759 722 798 783 ab
816 722 880 783 aliis
899 740 1018 802 quoque
1029 719 1102 779 mibi
1122 726 1153 779 et
1163 718 1297 797 deposco
1312 728 1349 783 et.
1358 736 1417 795 φο

313 816 460 896 precipio,
478 834 603 894 meoque
625 814 696 873 mihi
712 819 780 891 jure
794 814 977 893 despondeo.
1017 809 1211 872 eontumettis
1223 808 1275 886 qui
1293 826 1345 867 me
1358 806 1423 866 afi-

312 908 400 981 cieut,
413 908 520 987 probra
532 906 563 965 in
573 925 620 965 me
633 906 683 984 qui
695 905 863 983 conjicient,
878 903 1056 964 Adrastaam
1067 902 1109 961 illi
1118 901 1199 960 haud
1206 898 1365 977 effugient.
1380 908 1418 957 nt

308 1018 407 1079 neque
428 998 560 1077 Toupius
580 996 692 1075 effugit.
731 997 824 1057 Juvat
836 995 915 1055 euim
935 994 1014 1053 huuc
1030 1013 1093 1073 prm
1107 990 1226 1072 caeteris
1239 1009 1267 1049 e.
1286 1008 1417 1051 eoum·

311 1108 492 1159 memorarer
512 1106 579 1149 cum
592 1086 670 1166 quod
690 1105 796 1147 recens
811 1106 876 1145 sum
889 1086 1049 1145 electione
1064 1081 1322 1151 Emendationum,
1337 1100 1415 1160 qun

312 1182 344 1245 iu
360 1180 480 1241 Suidum
493 1179 604 1258 ediditp
622 1190 684 1237 tum
698 1178 777 1257 quod
790 1176 944 1249 ibmariri,
957 1177 1002 1235 his
1018 1176 1050 1235 iu
1062 1174 1147 1235 terris
1166 1174 1274 1233 uostris
1293 1191 1414 1250 magua,

310 1278 449 1352 veraeque
461 1277 524 1349 ejus
537 1270 649 1339 leudes,
663 1287 737 1347 quus
757 1268 834 1327 ultro
847 1269 901 1347 ipsi
914 1268 1028 1341 defero,
1043 1286 1139 1347 neque
1153 1267 1336 1336 obtrectabo,
1349 1285 1413 1325 noo

307 1364 409 1427 sinunt
428 1382 475 1423 me
498 1360 654 1425 adversarii
673 1372 733 1421 tam
753 1361 857 1421 nobilis
872 1360 992 1440 pudere.
1032 1361 1169 1421 Aliorum
1180 1360 1269 1428 enim,
1282 1359 1411 1419 minuto-

313 1476 379 1517 rum
391 1455 572 1525 catellorum,
592 1454 763 1532 ignavorum
778 1465 810 1511 et
827 1453 983 1513 imbellium
995 1453 1130 1523 latratus,
1149 1451 1237 1511 heile
1249 1450 1328 1511 ferat
1340 1451 1411 1511 Mo·

313 1548 407 1611 lossus
429 1559 461 1609 et
481 1556 657 1607 contemnet.
697 1545 883 1623 Quamquam
903 1544 1054 1623 egerrime
1071 1543 1150 1614 iero,
1169 1546 1315 1617 ujuveue
1327 1548 1411 1619 (uem

311 1641 452 1723 juvenem
470 1639 525 1699 ista
537 1636 683 1715 scripsisse
697 1635 843 1715 Toupium
861 1647 926 1697 tots
942 1636 1108 1715 scriptionis
1125 1634 1201 1695 ratio
1220 1634 1330 1713 prodit,
1345 1655 1412 1715 pro

315 1730 389 1793 dunt
408 1747 505 1789 mores
524 1727 609 1787 nimis
622 1726 773 1802 denudati)
792 1746 919 1815 summor
939 1728 1025 1798 viros,
1047 1728 1239 1806 Scaligeruun
1262 1727 1411 1791 curus

314 1840 396 1891 num,
414 1820 595 1891 salmasium,
614 1818 878 1892 Hemsterbusium,
892 1820 1069 1890 Ernestium,
1081 1818 1255 1879 intolerabili
1273 1831 1306 1879 et
1316 1820 1411 1899 pmn'u

313 1912 449 1993 civilibus
462 1912 552 1995 digna
564 1910 672 1989 lingum
689 1911 837 1989 protervia
854 1910 1012 1990 proscindi,
1033 1930 1094 1971 rem
1114 1922 1215 1971 tumeo
1225 1911 1302 1971 bane
1315 1931 1410 1972 meum

312 2016 379 2067 -r'rou
402 2004 490 2075 secio,
516 2002 638 2065 viderint
652 2004 716 2083 ipsi,
740 2014 793 2065 aut
815 2022 916 2067 eorum
936 2004 1080 2074 vindices,
1106 2021 1179 2080 ques
1200 2002 1413 2063 mdedoenoe

317 2116 420 2177 plenas
440 2098 478 2159 ab
491 2096 610 2157 bomine
623 2114 708 2167 rano,
722 2105 754 2157 et
772 2095 947 2175 arrogantie
959 2096 1046 2174 pleno
1057 2105 1204 2174 repetant,
1213 2111 1316 2157 scurra
1325 2114 1411 2174 pms

314 2187 452 2251 dixerim.
492 2186 573 2255 Quid
589 2187 666 2249 enim
680 2187 759 2247 uliud
770 2206 858 2267 quam
870 2188 1075 2251 scurrilitatem
1092 2186 1250 2257 nominem,
1262 2205 1349 2264 quum
1360 2202 1411 2249 me

316 2280 360 2341 ait
378 2289 473 2343 vestes
494 2280 604 2342 alienat
626 2298 680 2359 pro
702 2296 784 2342 mure
807 2300 875 2341 meo
898 2280 1134 2347 commaculasse.
1173 2280 1243 2345 Quo
1265 2278 1316 2339 ille
1333 2277 1411 2338 ferat

318 2372 416 2434 animo
428 2372 452 2431 si
466 2390 523 2449 ego
537 2370 577 2430 illi
589 2371 735 2449 probrum,
747 2370 828 2449 quod
838 2372 950 2451 optimo
956 2377 1025 2448 jure
1036 2370 1146 2451 possim
1157 2369 1301 2441 faceres
1314 2370 1408 2441 velim,

170 2520 172 2527 ,
191 2492 202 2509 κ
316 2462 347 2521 in
362 2481 394 2523 os
408 2462 562 2539 regeraml
586 2462 645 2521 Vix
659 2462 765 2541 pugion
776 2463 816 2525 sit
830 2464 922 2525 totius
934 2464 1008 2535 libri,
1021 2482 1081 2542 quc
1098 2481 1158 2524 nou
1170 2473 1300 2522 veterum
1313 2456 1411 2522 aueto-

318 2572 382 2613 rum
396 2565 494 2616 restes
506 2573 560 2632 pro
572 2573 655 2616 ruore
668 2574 722 2616 suo
736 2556 1000 2620 commaculaverit.
1041 2556 1079 2615 Id
1091 2554 1184 2634 quod,
1196 2556 1221 2616 si
1234 2574 1356 2616 necesse
1365 2554 1410 2626 rit,

317 2645 397 2707 facili
410 2647 531 2725 negotio
543 2645 636 2726 possit
649 2645 850 2712 demonstrari.
891 2648 977 2713 Tuue
987 2648 1058 2708 mihi
1071 2647 1201 2708 scabiem
1213 2659 1295 2708 tunm
1306 2667 1411 2726 expro-

319 2737 438 2808 brsbisi
460 2739 561 2800 Homo
574 2757 648 2810 sum,
658 2758 752 2818 neque
765 2759 813 2802 rue
826 2739 903 2818 fugit
913 2745 1082 2818 προπέτειαν
1093 2738 1226 2800 criticam
1238 2739 1336 2798 labem
1348 2758 1409 2802 ears

315 2830 389 2892 mihi
400 2841 553 2911 cognatam
563 2841 595 2892 et
608 2831 713 2890 intimis
732 2831 813 2893 fibris
826 2831 954 2890 infixum.
995 2831 1058 2892 Sed
1068 2839 1111 2901 tu,
1129 2830 1179 2909 qui
1191 2829 1298 2890 eodem
1310 2832 1410 2890 morbo

321 2923 447 2994 laboras,
460 2941 513 2984 cur
526 2933 557 2984 te
567 2942 625 2982 non
639 2911 781 3000 respicis?
801 2939 853 2984 cur
872 2921 971 2999 lapsus
987 2940 1069 2980 meos
1088 2921 1229 2999 exagitas,
1242 2923 1320 2982 bene
1333 2942 1410 2985 amo

321 3014 504 3085 traditorum,
515 3017 572 3072 ruis
587 3011 818 3090 κατορθωμάτων,
831 3011 1008 3072 immemor?
1029 3013 1135 3072 Petam
1149 3033 1204 3072 cut·
1215 3013 1332 3074 excutis
1344 3025 1411 3076 aute

323 3115 427 3184 pectus
440 3105 570 3181 positam,
582 3101 702 3179 porticus
716 3101 849 3160 oblitus?
873 3102 1067 3164 sedulitatem
1081 3123 1211 3182 agnem
1223 3116 1315 3176 tuam,
1331 3105 1411 3164 etse·

319 3195 470 3265 licitatum,
486 3191 656 3256 insontibus
674 3193 836 3271 glossarum
858 3195 957 3256 Suidss
979 3197 1198 3274 investigandis.
1237 3197 1409 3262 Felirissime

317 3305 383 3352 rem
403 3284 490 3364 geris,
504 3283 554 3344 ubi
573 3301 611 3342 ox
633 3284 702 3364 ipsis
716 3285 859 3346 cubilibus
872 3287 1042 3366 glossarum,
1063 3301 1094 3348 et
1114 3289 1236 3350 eliorum
1259 3301 1409 3352 auctorum

320 3376 537 3456 comparatione
549 3377 704 3438 emendare
717 3378 796 3440 licet.
837 3380 897 3442 Ubi
914 3391 1010 3440 autam
1022 3381 1140 3460 ingenio
1151 3382 1283 3461 gerenda
1293 3403 1341 3444 rea
1353 3395 1407 3456 est,

318 3468 361 3538 ibi
376 3467 536 3548 turpissimo
549 3468 618 3528 ruis.
660 3469 819 3530 Hominem
837 3470 970 3551 profecto
989 3473 1034 3531 tui
1046 3457 1167 3546 ordinis,
1180 3474 1321 3536 clericum
1334 3475 1407 3536 euim

317 3569 349 3622 ts
363 3577 427 3622 esse
442 3560 543 3620 titulus
557 3559 622 3620 libri
635 3562 678 3622 tui
691 3562 807 3634 iudicat,
821 3563 1020 3631 condecebat
1032 3565 1198 3624 thrasonem
1215 3585 1307 3645 agere
1319 3567 1359 3626 de
1370 3567 1409 3627 lu·

319 3652 421 3732 psuari
445 3652 543 3737 adhuc
564 3653 726 3724 calentemr
748 3655 863 3716 veneris
884 3654 1047 3733 volgivago
1068 3657 1204 3736 mysteria
1223 3657 1408 3739 ἐξορχεῖσθαι,
1452 3683 1456 3695 ·

320 3763 434 3804 summa
448 3743 565 3822 ingenie
575 3745 613 3812 (le
627 3758 713 3825 ponte
723 3746 805 3826 quasi
818 3745 957 3821 dejicere.
999 3747 1081 3806 Nibil
1094 3746 1229 3826 profecto
1240 3750 1335 3811 minus
1345 3770 1410 3811 con·

320 3836 401 3897 uenit
411 3835 479 3899 viris
492 3836 675 3904 humaniores
689 3837 786 3908 literas
800 3838 947 3918 professis,
960 3855 1047 3921 quam
1060 3838 1091 3897 in
1104 3839 1176 3898 ulios
1186 3840 1262 3900 bene
1274 3841 1314 3900 de
1323 3843 1410 3904 literis

319 3921 427 3998 mereri
439 3937 618 4006 satagentes,
634 3940 664 3988 et
680 3941 793 3994 tautum
806 3941 987 4009 praestantes,
1001 3940 1140 4007 quantum
1155 3949 1209 4010 pro
1221 3951 1252 3992 re
1265 3943 1335 3994 uate
1346 3954 1410 4012 poa·

316 4032 396 4094 suut,
420 4021 515 4087 modis
536 4019 699 4082 inhumanis
723 4022 835 4082 sevire.
876 4022 937 4090 Sed
955 4022 1023 4083 brec
1042 4022 1144 4082 obiter.
1185 4024 1237 4084 Ad
1257 4044 1321 4084 rem
1341 4045 1409 4104 prm·

205 4170 209 4179 f
319 4123 431 4180 sentem
444 4113 545 4172 redeo.
588 4111 758 4192 Segregsvi,
778 4133 864 4186 secus
884 4133 970 4193 quem
984 4114 1095 4194 Taylor
1112 4113 1193 4185 fecit,
1210 4115 1355 4176 vadantes
1372 4119 1408 4181 ab

320 4204 630 4264 animadversionibus.
672 4206 706 4264 ln
729 4206 773 4266 his
794 4205 931 4283 quicquid
953 4206 983 4265 iu
1008 4215 1094 4268 texto
1117 4204 1257 4266 Patisium
1279 4207 1408 4274 editionis

319 4297 438 4364 mutavi,
462 4295 564 4368 sedulo
587 4295 722 4356 indicavi.
765 4293 942 4373 Simpliciter
958 4315 1025 4356 cum
1039 4296 1117 4368 dico,
1137 4300 1255 4374 correxi,
1275 4310 1328 4358 aut
1340 4300 1407 4370 dedi,

319 4387 393 4450 certi
405 4387 489 4450 velim
503 4386 561 4446 sint
574 4385 748 4464 lectores,id
758 4403 798 4444 ex
809 4385 935 4464 antiquis
949 4387 1038 4458 libris,
1053 4387 1113 4448 sive
1126 4388 1223 4470 editis,
1237 4389 1297 4449 sive
1311 4410 1408 4452 manu.

318 4475 444 4558 scriptis,
457 4489 585 4540 sumtum
598 4496 672 4550 esse.
688 4477 764 4538 uude
784 4488 912 4540 sumtum
930 4479 1066 4564 quodque
1084 4480 1131 4554 sit,
1146 4481 1265 4542 docebit
1278 4481 1352 4547 liber
1365 4503 1410 4546 ru.
