3150 5125
299 405 339 468 ue
723 388 755 450 1..
771 380 964 448 TAYLOliI

301 549 441 632 qulnqrm
473 545 616 609 codicem
628 545 709 605 rilem
720 543 752 602 io
761 537 863 602 Wolfil
875 553 959 600 aecor
971 533 1010 597 sd
1022 533 1164 595 minorem
1178 527 1399 609 Herragiamm

303 641 457 720 diligenter
469 638 573 717 exegit
586 638 667 698 Simo
680 635 830 698 Fabricius
845 631 1132 712 Marcopiherteuue,
1147 626 1289 686 Francus.
1323 621 1400 686 Vide

303 731 430 797 Hieron.
445 728 546 791 Woltli
558 729 659 790 litam
676 725 903 808 nuncupatoria
921 725 961 784 ad
976 723 1115 784 Senatum
1129 721 1313 798 Aegaeum
1326 717 1400 798 reip.

304 825 399 896 mus,
413 823 512 883 literas
524 822 597 880 item
610 819 736 882 Simonis
754 817 890 890 Fabricii,
905 816 991 894 bajars
1011 812 1122 875 codicis
1135 811 1311 873 variantibus
1323 829 1400 890 proa-

305 916 391 987 lixas,
412 933 500 995 supra
521 933 590 992 pag.
613 913 701 972 lxxiii
720 929 801 990 seqq.
823 929 909 990 porro
929 917 1036 981 autem,
1057 905 1223 976 neaeram,
1246 900 1402 964 Hoeecire·

305 1008 388 1081 hum,
400 1018 432 1067 et
446 1005 635 1085 Ebingerum,
655 1003 706 1087 qui
719 1004 758 1064 de
777 1000 957 1062 bibliothece
973 999 1056 1060 iatius
1069 995 1192 1059 civitatis
1213 995 1402 1056 commentati

304 1109 385 1166 tm.

346 1274 431 1351 Μ]
450 1273 699 1344 Codes'ltelious,
712 1284 804 1354 etque
816 1273 895 1334 haud
908 1273 979 1346 scio,
992 1285 1087 1333 annon
1100 1285 1140 1331 ex
1154 1265 1265 1329 ditiore
1275 1269 1401 1338 Veneta,

305 1382 376 1430 oum
387 1365 517 1453 editione
538 1364 651 1425 Aldina
668 1375 861 1444 comparatus.
901 1366 952 1426 De
965 1381 1024 1445 quo
1038 1363 1108 1424 ru'bil
1120 1373 1265 1442 praeterea
1278 1361 1404 1422 Franco-

305 1459 463 1532 turtmres,
473 1457 524 1540 qui
537 1456 673 1521 adeatur
685 1456 769 1536 primi
781 1455 960 1518 adhibuisse.
1220 1451 1224 1459 ¹

358 1634 486 1711 Vterer]
499 1633 605 1694 Codex
612 1631 832 1710 mguamsbna
840 1628 1074 1690 vindobonensis
1083 1625 1288 1699 metaneae,
1296 1625 1407 1687 Nesse·

311 1726 352 1784 llo
365 1723 585 1804 philosophicus
602 1741 717 1801 grecus
731 1721 799 1781 Par.
814 1721 870 1780 IV.
883 1719 923 1780 N.
937 1719 1034 1779 LXX.
1054 1719 1254 1799 bombycinus,
1269 1730 1301 1778 at
1316 1721 1404 1797 boam

310 1826 400 1886 notae,
413 1815 444 1873 in
457 1813 537 1885 fclio,
551 1824 688 1873 constans
708 1813 785 1873 foliis
806 1813 941 1873 ducentia
954 1811 1072 1891 triginta
1084 1830 1198 1872 novem.
1239 1811 1329 1873 Liber
1342 1811 1403 1884 ille,

311 1908 364 1988 qni
375 1906 513 1986 plurimas
526 1906 674 1966 cratim
686 1903 902 1985 complectimur,
916 1905 1038 1964 diverse
1051 1915 1097 1964 est
1109 1903 1224 1965 atatim
1247 1904 1324 1964 Nem
1337 1916 1406 1984 post

308 1997 474 2060 credonem
487 1999 526 2058 de
537 1993 722 2058 Rhodiorum
733 1999 871 2058 libertate
882 1997 984 2078 incipit
992 1997 1182 2078 perantiquae
1191 1997 1342 2057 character
1355 1997 1407 2057 de-

308 2091 381 2154 cimi
394 2090 513 2151 circiter
526 2089 628 2164 muli,
638 2107 698 2171 quo
712 2101 828 2150 ceteras
839 2091 977 2170 deinceps
987 2089 1133 2150 orationes
1146 2089 1203 2148 hoc
1215 2090 1317 2149 codice
1326 2107 1406 2150 com·

311 2184 463 2266 prebente
476 2192 642 2242 exuantur.
676 2181 769 2242 Hunc
782 2183 877 2262 gratia
889 2193 920 2243 et
933 2183 1102 2242 interventu
1115 2181 1291 2241 Nobilissimi
1306 2181 1407 2241 Corni-

313 2277 352 2339 tis
366 2276 592 2346 Gsarrvrccrr,
607 2275 638 2332 in
658 2292 742 2333 usum
755 2293 853 2334 meam
868 2274 1081 2335 accuratissime
1095 2274 1217 2335 contulit
1234 2273 1409 2333 Dominicus

312 2365 479 2428 Bridrerius
492 2365 653 2427 Columbae
665 2365 692 2424 L
706 2365 742 2428 F.
755 2365 898 2428 Patriciae
912 2366 1093 2430 Ficariensis.

356 2551 473 2631 Barca]
493 2551 599 2617 Codex
613 2552 720 2617 beroe.
733 2553 980 2617 Num.Lxx111.
993 2557 1132 2617 tredecim
1141 2555 1254 2617 circiter
1263 2554 1409 2617 orationes

313 2647 471 2711 mmmm
478 2664 548 2707 cnm
561 2646 686 2727 epistole
697 2648 800 2728 priene.
828 2648 967 2711 Sobam
978 2648 1009 2707 in
1023 2648 1125 2709 charte
1136 2648 1319 2729 bombycina,
1331 2647 1408 2707 loliis

315 2736 454 2805 decentis
464 2738 617 2818 saumata
629 2740 854 2821 duohuaatqee
862 2739 902 2799 ad
912 2738 1045 2801 secudum
1057 2738 1120 2801 iere
1134 2739 1281 2802 &dmum
1293 2740 1410 2803 tertium
1445 2800 1452 2810 ,

318 2840 369 2900 aut
382 2841 516 2909 quartum
529 2831 665 2909 asurgit
1069 2840 1073 2849 '

359 3018 560 3097 accep]
581 3018 687 3079 Codex
699 3016 836 3097 optimos,
848 3017 902 3077 aad
914 3016 1034 3079 meatu
1045 3018 1155 3099 aare,
1163 3023 1246 3095 matus
1256 3005 1412 3081 varietates

318 3112 463 3190 decerpsit
486 3110 573 3169 Fred.
596 3110 840 3188 Lindeabrogius,
865 3120 952 3189 atque
973 3111 1077 3171 sedulo
1099 3111 1138 3171 ad
1161 3130 1242 3171 oram
1262 3112 1412 3171 adnotavit

318 3202 484 3281 posterioris
505 3201 710 3279 Hervagiaore,
732 3200 763 3261 ia
782 3201 959 3263 bibliotheca
976 3202 1049 3281 reip.
1069 3202 1301 3282 Hamburgensis
1314 3202 1413 3262 adser-

317 3304 404 3354 vatoe.
444 3292 655 3372 Apogrupbum
668 3292 746 3355 istud
760 3294 856 3356 debeo
876 3294 1044 3355 humanitati
1058 3294 1084 3355 1.
1100 3295 1255 3357 Christiani
1269 3295 1366 3355 Wolfii
1382 3296 1412 3355 irr

318 3404 357 3451 aa
368 3386 440 3444 urhe
452 3384 628 3447 Pteleasoe‘e
641 3386 834 3458 celeberrimi,
847 3386 899 3467 qai
916 3388 946 3445 in
965 3407 1014 3447 me
1027 3388 1227 3455 immerentem
1239 3388 1324 3469 pltare
1336 3390 1413 3449 ultro

318 3477 429 3543 indicia
447 3476 534 3536 animi
552 3477 688 3537 benevoli
708 3478 841 3541 contulit.
882 3480 988 3559 Neque
1006 3480 1240 3559 praetereundum
1260 3490 1314 3554 est,
1332 3478 1414 3558 quod

255 3624 257 3628 .
320 3569 486 3649 nuperrime
499 3568 580 3632 eliud
597 3570 727 3631 similiter
743 3570 942 3651 apographum
965 3570 1093 3648 ejusdem
1108 3571 1217 3632 codicis
1237 3572 1276 3635 ad
1289 3572 1414 3631 eandem

320 3661 428 3747 pariter
439 3658 599 3723 edideram
610 3662 780 3723 adnotatum
793 3662 996 3725 bumeniesinie
1008 3664 1047 3725 ed
1058 3682 1104 3723 rrre
1115 3662 1271 3725 mulsit
1281 3664 1331 3722 Vir
1340 3684 1415 3742 praa·

317 3751 512 3816 meamus
526 3746 667 3816 Keneth
680 3753 857 3817 Maohensie
869 3754 946 3816 Iur'n
965 3755 1092 3817 Cesarei
1111 3755 1143 3815 in
1160 3754 1310 3817 academia
1324 3752 1416 3813 Edim

318 3844 459 3923 burgensi
468 3842 639 3906 Professor:
653 3846 749 3925 Cujus
757 3848 884 3908 studium
893 3846 1418 3927 etbcoerolerrtiembeegretaaolmi

319 3936 820 4017 mairigniheatieneeareaeaolui,
1109 3978 1111 3985 ·

365 4128 452 4209 Vera]
477 4130 590 4203 Codex,
605 4142 639 4191 ut
652 4142 787 4192 constare
801 4147 887 4209 posse
901 4126 1034 4201 arbitror,
1049 4128 1147 4189 Sancti
1163 4128 1260 4189 Marci
1274 4128 1418 4187 Veneriis.

323 4220 477 4283 varianter
496 4224 616 4305 excepit
629 4219 684 4282 Vir
700 4223 851 4282 industrie
867 4232 898 4279 et
915 4219 986 4279 fidei
1005 4238 1125 4281 summae
1145 4222 1251 4281 Petrus
1273 4208 1417 4293 Pithoeus,

320 4312 409 4390 eujus
421 4315 451 4373 in
465 4331 557 4395 remp.
570 4314 723 4376 literarium
733 4314 836 4374 merita
846 4312 1006 4373 declarabit
1015 4314 1068 4374 ubi
1082 4314 1222 4375 'l'buanua
1234 4314 1416 4375 Historicus:

322 4403 370 4461 Εἰ
383 4406 490 4466 Aldina
502 4407 664 4489 eamplari
676 4406 707 4467 in
719 4405 897 4469 bibliotheca
914 4406 1075 4477 Bodleiano
1093 4408 1228 4483 Oroniis,
1244 4408 1292 4475 cui
1312 4426 1349 4469 ea
1362 4406 1415 4467 ed·

271 4493 276 4514 “
319 4494 433 4562 ietsmt
446 4498 589 4579 Pithoeus.
