3150 5125
518 439 578 499 AD
599 438 953 503 DEMOSTHENEM.
1196 443 1273 506 cxlix

177 594 265 656 1501.
278 589 390 652 editum
400 590 604 665 Prudentium,
618 594 665 653 cui
678 593 782 655 addita
800 605 868 655 sunt
887 594 945 655 alia
962 593 1112 674 complura
1131 593 1273 678 opuscula

172 681 337 762 (argumenti
357 684 519 756 sanctioris,
539 703 606 762 quar
625 690 762 746 recenset
786 685 937 747 Fabricius
952 687 986 746 B.
1003 685 1044 747 G.
1058 685 1095 746 Τ,
1110 687 1188 766 χρ.
1203 693 1280 748 999..
1378 673 1384 684 .

173 770 280 835 deinde
302 776 427 836 triennio
443 774 672 836 Demosthenem
696 777 837 836 Aldinum
863 777 917 836 sub
943 778 1034 856 praelo
1061 778 1188 848 hmsisse,
1210 789 1273 836 tum

175 868 275 946 magni
292 867 397 928 fecisse
411 867 531 939 Aldutn,
551 868 762 948 magnificeque
775 869 988 948 depraedicasse
1009 869 1054 930 sui
1068 869 1273 929 Demosthenis

89 968 94 976 '
175 960 361 1039 elegantiam,
375 971 406 1020 et
419 981 520 1023 euram
533 961 564 1021 in
576 967 640 1038 ejus
652 962 857 1024 emendatione
867 961 999 1041 positam.
1041 962 1158 1022 Chartae
1172 961 1274 1040 utique

170 1063 245 1119 sunt
263 1051 392 1123 mundae,
414 1055 478 1133 typi
499 1073 554 1133 pro
566 1053 623 1114 iata
635 1065 722 1114 retate
741 1054 821 1125 belli,
847 1054 937 1113 editio
957 1055 999 1113 sic
1018 1055 1088 1113 satis
1110 1053 1273 1113 emendata.

170 1143 426 1222 ,1111111111
445 1146 560 1206 laborat
577 1146 671 1207 11111111)Ι
684 1146 880 1225 paucioribus,
894 1163 981 1224 quam
1001 1165 1055 1225 pro
1073 1145 1154 1204 istius
1176 1145 1279 1206 seculi·

175 1235 325 1320 tarditate,
342 1237 486 1316 inprimis
505 1238 649 1299 bonarum
668 1238 819 1299 literanum
840 1236 978 1310 exordiis,
990 1237 1021 1295 in
1033 1245 1114 1296 tauta
1132 1237 1274 1296 subsidio·

175 1341 243 1386 111111
269 1327 438 1389 criticorum
457 1329 588 1408 penuria,
612 1340 809 1410 exspectetur.
851 1331 915 1390 lmo
928 1331 1025 1389 insunt
1037 1329 1065 1387 ei
1078 1329 1176 1388 multe
1190 1349 1274 1408 egre-

174 1417 236 1496 'gise
248 1418 401 1491 lectiones,
410 1440 483 1499 quas
494 1432 604 1481 temere
617 1423 656 1481 ab
665 1422 803 1482 insecutis
817 1421 974 1482 editoribus
987 1420 1139 1500 neglectas
1151 1430 1276 1482 necesse¹

177 1508 237 1568 luit
249 1529 268 1568 a
280 1529 328 1570 me
341 1531 441 1572 rursm
453 1513 493 1571 ad
504 1513 600 1574 lucem
614 1523 644 1572 et
657 1533 741 1574 usum
755 1514 888 1574 revocari
907 1522 994 1591 atqua
1007 1513 1156 1573 vindicari·
1195 1512 1275 1571 Pror-

177 1599 236 1659 tuit
250 1601 327 1660 enim
348 1603 467 1662 editiori
478 1604 530 1675 illi,
543 1603 574 1664 id
587 1605 666 1684 quod
679 1599 841 1686 suspicione
859 1625 918 1664 non
930 1625 1048 1684 prorsus
1061 1605 1244 1684 improbabili
1257 1619 1276 1664 e

177 1690 276 1750 verbis
290 1690 363 1753 Aldi
383 1692 502 1769 colligo,
517 1687 770 1771 Carteromachus,
792 1695 836 1756 vir
857 1715 956 1776 grece
976 1697 1122 1774 latineque
1144 1696 1277 1756 doctissi-

175 1802 260 1852 mus3
280 1801 367 1862 quem
389 1784 427 1842 ab
441 1784 746 1850 1111111111
766 1789 971 1869 typographeo
991 1788 1103 1849 Aldine
1129 1795 1275 1849 rectorem

118 1948 127 1962 .
176 1893 341 1952 operarum,
356 1885 386 1932 et
399 1874 580 1936 edendorum
594 1885 716 1954 operum
738 1891 889 1940 auctorem
908 1881 1171 1960 inspectoremqu'e,
1185 1900 1274 1958 quem

174 1965 264 2026 hodie
281 1960 486 2027 conecterem
499 1969 657 2047 appellant,
669 1968 819 2046 praefuisse
831 1981 955 2030 constat.
995 1973 1059 2031 Cur
1077 1972 1205 2032 thermas
1223 1991 1275 2050 ap·

176 2059 266 2137 pellet
281 2059 377 2120 Aldus
395 2069 481 2120 'suam
502 2060 647 2120 officinam
665 2061 920 2141 typographicam,
934 2062 964 2121 id
975 2082 1046 2124 vero
1058 2083 1120 2126 non
1132 2064 1274 2142 intelligo.

177 2149 243 2215 Nisi
255 2152 319 2212 siid
332 2161 413 2212 more
428 2154 473 2212 sni
487 2153 587 2212 seculi
601 2153 685 2229 tecit,
696 2173 756 2233 quo
765 2153 917 2232 probabile
931 2165 976 2212 est
988 2155 1125 2214 balneum
1137 2155 1184 2214 vel
1197 2157 1277 2214 ther·

176 2263 241 2304 anas
259 2244 438 2324 appellatum
457 2244 549 2304 fuisse
566 2244 654 2316 idem,
673 2244 751 2323 quod
764 2263 818 2303 nos
831 2244 920 2304 hodie
933 2244 1075 2305 cllidnanr
1088 2246 1278 2324 appellamus,

176 2335 326 2395 interdum
338 2355 457 2415 quoque
474 2336 667 2414 vaporarium,
681 2336 761 2413 quod
773 2335 917 2413 ejusmodi
931 2335 1052 2396 officinae
1066 2337 1233 2398 fornacibus
1246 2339 1277 2398 111

177 2445 264 2486 usum
277 2445 432 2505 operarum
444 2428 592 2485 instructae
605 2439 714 2500 essent,
733 2447 771 2487 ne
783 2446 839 2507 per
851 2428 987 2508 hyemem
1006 2431 1044 2489 ob
1063 2429 1176 2508 frigoris
1197 2431 1278 2491 saevi:

179 2519 250 2579 tiem
263 2519 300 2579 ab
313 2539 403 2599 opere
416 2517 583 2602 feriandum
604 2530 691 2581 esset.
733 2519 948 2581 subobscurum
968 2521 1038 2581 mihi
1057 2522 1129 2583 item
1142 2523 1200 2583 hoc
1221 2533 1277 2596 est,

177 2610 259 2689 quod
272 2611 310 2671 de
329 2611 479 2690 paucitate
499 2611 721 2690 exemplarium,
736 2620 803 2691 quae
824 2614 932 2673 excudi
953 2614 1110 2691 curaverit,
1130 2614 1275 2675 admomt

179 2702 302 2763 Inducit
314 2722 362 2763 me
375 2714 475 2763 tamen
488 2702 544 2763 iste
553 2703 638 2763 locus
651 2703 682 2761 in
695 2703 900 2783 suspicionem,
916 2725 981 2784 qum
995 2704 1116 2765 dubium
1126 2706 1276 2784 expediat,

179 2812 234 2859 cur
247 2793 343 2855 Aldus
357 2794 461 2854 eodem
482 2814 559 2855 anno
579 2794 625 2854 bis
646 2794 880 2855 Demosthenem
903 2795 1048 2866 ediderit;
1069 2795 1109 2854 de
1123 2814 1181 2873 quo
1195 2808 1277 2857 certo

176 2895 303 2957 constat,
322 2886 453 2965 quamvis
475 2906 537 2947 rem
556 2886 650 2965 ipsam
671 2887 793 2947 mireris.
816 2958 823 2970 .
845 2888 922 2967 Duae
944 2887 1046 2966 utique
1070 2896 1137 2947 sunt
1158 2888 1287 2947 Aldine

180 2979 390 3039 Demosthenis
402 2997 463 3039 non
476 2998 580 3058 parum
601 2980 677 3039 inter
695 2998 729 3040 se
743 2979 953 3061 discrepantes,
975 2980 1028 3041 s'ed
1041 2980 1167 3039 eundem
1180 2982 1278 3040 var‘nbes

179 3090 288 3131 annum
307 3070 511 3150 preferentes,
526 3070 709 3151 eandemque
726 3072 937 3150 praefationem,
952 3072 1068 3149 paginis
1082 3071 1197 3131 itemst
1213 3089 1279 3131 ver·
1349 3094 1366 3119 s

180 3183 265 3223 sunm
281 3182 402 3224 numero
422 3163 544 3223 interae
558 3150 785 3224 c'onsentientes.
826 3164 864 3223 In
884 3164 1055 3225 lectionibus
1076 3174 1173 3224 autem
1197 3184 1277 3245 soepe

179 3274 200 3315 a
212 3275 245 3314 se
262 3256 383 3315 multam
404 3255 577 3326 discedunt;
597 3256 629 3315 id
650 3256 730 3334 quod
753 3256 851 3317 statim
869 3256 986 3335 planum
1009 3256 1277 3335 saciam'exetnplis

181 3348 350 3427 prodendis,
372 3349 579 3427 quaedubium
604 3349 775 3409 haedere
805 3349 916 3409 nullum
940 3349 1112 3427 relinquant.
1154 3348 1278 3411 Videtur

181 3458 288 3518 nempe
299 3439 391 3499 Aldus
403 3459 448 3510 eo,
459 3442 539 3519 quod
552 3460 649 3519 pauca
661 3440 864 3501 tantummodo
879 3440 1087 3501 Demosthenis
1101 3442 1278 3521 exemplaria

182 3542 315 3595 curasset
327 3532 445 3603 excudi,
460 3531 603 3605 effecisse,
616 3543 651 3591 nt
661 3532 721 3593 cito
734 3552 773 3593 ea
782 3533 1018 3593 distraherentur.
1051 3533 1277 3615 Requirentibus

180 3622 282 3701 itaque
304 3635 335 3683 et
357 3622 552 3701 flagitantibus
575 3622 755 3703 exemplaria
773 3644 792 3684 e
809 3644 841 3684 se
860 3624 930 3685 satis
948 3625 1010 3683 fieri
1024 3624 1107 3685 aliter
1119 3644 1176 3684 non
1191 3644 1277 3705 posse

180 3714 283 3776 videns
296 3714 399 3787 Aldus,
413 3732 502 3793 quam
520 3734 596 3775 nova
608 3716 787 3776 instituenda
802 3716 939 3790 editione,
960 3736 1057 3777 rursus
1076 3718 1181 3796 eodem
1199 3738 1277 3779 anno

182 3808 412 3868 Demosthenem
431 3808 525 3887 prelo
539 3819 599 3867 'suo
619 3808 759 3875 submisit,
773 3809 828 3868 sed
842 3808 1018 3887 diligentius,
1038 3820 1068 3871 et
1082 3829 1098 3869 e
1112 3810 1279 3873 melioribus

181 3900 340 3972 codicibus,
356 3899 562 3961 emaculatum.
604 3898 713 3959 Prioris
734 3900 867 3961 editionis
888 3903 1055 3981 exemplum
1076 3922 1166 3982 penes
1181 3903 1278 3962 Obso-

96 4068 99 4078 Ι
181 4012 280 4071 pueum
292 3992 357 4063 fuit,
371 4004 403 4052 et
415 3992 663 4071 Motmteneyum,
683 4001 722 4063 et,
742 3992 822 4071 quod
840 3994 981 4072 suspicor,
997 3995 1085 4054 etiem
1098 4010 1187 4073 penes
1202 3993 1280 4071 Tay·

179 4086 291 4155 brom,
312 4084 382 4144 mihi
403 4086 514 4145 nullum
527 4085 610 4145 licuit
622 4105 781 4165 usurpare3
802 4088 967 4166 posterioris
980 4088 1040 4149 vidi
1054 4086 1192 4166 exempla
1205 4086 1276 4157 duo,

180 4198 282 4249 11111111,
295 4170 374 4255 quod
384 4178 543 4239 Weimarie
556 4178 789 4240 Bartholomaeus
800 4182 836 4241 V.
850 4182 884 4241 C.
905 4181 943 4241 ad
962 4200 1009 4240 me
1032 4179 1117 4249 misit,
1140 4197 1199 4255 quo
1218 4196 1277 4237 non

148 4324 170 4357 s
179 4270 262 4333 licuit
274 4271 344 4329 mihi
356 4271 511 4350 plusquam
525 4271 644 4332 octiduo
655 4272 715 4343 uti3
728 4272 865 4344 alterurn,
878 4274 958 4352 quod
968 4269 1149 4349 indulgentia
1159 4268 1278 4331 Ordinis

183 4363 363 4439 Amplissimi
386 4362 553 4441 Lipsiensis,
578 4383 616 4422 es
639 4369 701 4438 ejus
723 4364 905 4426 bibliotheca
925 4364 1050 4444 publica,
1076 4371 1139 4421 toto
1160 4361 1279 4424 biennio
1331 4408 1337 4417 ,

181 4471 274 4530 penes
291 4473 338 4512 me
350 4454 448 4518 habui.
490 4458 586 4522 Quam
599 4455 723 4533 plurima
740 4456 827 4533 hujus
847 4456 890 4515 rei
904 4454 1039 4533 exempla
1051 4462 1083 4511 et
1095 4466 1277 4531 argumenta,

178 4543 259 4605 unde
272 4555 385 4607 constet
394 4548 431 4607 ab
445 4546 534 4621 Aldo,
549 4548 656 4609 eodem
670 4566 756 4623 auno,
770 4548 854 4622 duas,
867 4548 943 4613 iuter
957 4564 989 4606 se
1003 4544 1210 4625 discrepantes,
1221 4550 1277 4609 auh
