3150 5125
490 433 554 512 sn
574 424 927 494 samosetanus-m.
995 503 998 514 ,
1158 453 1259 501 cam
1314 507 1315 512 Ν

161 587 255 661 mss,
274 587 382 668 partlm
404 589 443 651 ob
461 585 636 650 rdetudinic
656 587 864 662 infirmitatem,
886 589 1010 650 salutem
1030 589 1102 669 suga
1122 591 1259 654 consulit.

163 680 232 761 [Sic
245 678 331 741 claris
342 681 434 742 literis
446 682 544 742 inveni
557 678 738 764 exaratum]
751 681 898 768 nonnullis
911 681 1041 753 consciis,
1055 683 1200 744 nonnullis
1213 683 1263 742 Iu·-

16 776 17 787 ’
114 776 117 780 ’
162 790 229 852 garn
243 775 454 851 adjuvantibus.
489 774 640 834 Prosecuti
651 777 742 836 cives.
773 776 929 836 Viatioum.
960 775 1063 834 AE.'an
1077 775 1116 834 D.
1130 775 1263 838 dictum:

162 866 213 943 qni
233 867 342 946 possim
365 875 425 927 n'on
446 866 574 946 graviter
593 863 751 928 ferra'eto.
793 869 822 928 Ο
837 869 954 930 domina
968 867 1105 927 Minerva
1117 899 1158 914 -—
1171 867 1263 928 tribus

163 959 275 1030 bestiis,
289 955 419 1034 Noites,
428 961 566 1020 Dracone
573 970 604 1020 et
614 960 738 1040 Populo.
766 961 877 1022 Goltzii
887 961 1071 1022 Numlsmata
1085 986 1140 1022 των
1150 961 1267 1035 Adoro.

161 1052 231 1131 legs
251 1051 426 1126 Ἀθηναίων.
447 1053 552 1113 Exsul.
574 1053 701 1113 Pausan.
723 1054 857 1114 Corinth.
877 1076 907 1134 p.
931 1060 999 1115 148.
1035 1053 1174 1114 Exsilium
1197 1054 1264 1114 tulit

165 1139 263 1205 animo
275 1145 431 1205 imbecillo.
472 1143 577 1223 AEg‘ioa
595 1156 626 1205 et
644 1145 788 1216 'Iroeeena
808 1145 915 1207 sedens
937 1147 1064 1206 Atticam
1078 1165 1158 1228 saepe
1173 1147 1267 1227 laery-

146 1225 249 1297 ⁰mens
260 1236 458 1317 inspectabat.
486 1239 572 1309 Eos,
586 1237 637 1315 qui
647 1238 792 1309 visebant,
808 1237 964 1298 absterruit
978 1259 995 1298 a
1012 1257 1074 1317 rep.
1115 1239 1146 1298 sl
1160 1231 1266 1319 propo-

100 1395 105 1404 ,
165 1329 229 1390 sin's
242 1331 355 1390 duabus
369 1330 422 1391 virs
435 1340 493 1392 etc.
515 1330 667 1390 Plutarch.
683 1330 767 1390 Stoh.
782 1348 869 1392 serm.
884 1336 933 1391 48.
958 1330 1008 1390 Ad
1021 1339 1151 1390 senatum
1166 1331 1265 1392 literas

165 1419 268 1482 sonus
281 1421 408 1482 sutum
422 1422 581 1503 pantana.
596 1423 747 1483 numm.
761 1424 791 1482 n
805 1423 874 1482 vsa
887 1433 918 1482 et
933 1423 971 1482 ue
985 1423 1075 1484 xm.
1091 1433 1122 1484 et
1135 1449 1167 1485 2..
1183 1411 1270 1484 nso

68 1589 73 1596 Ι
167 1516 247 1580 πίας.
269 1514 395 1575 Pausan.
418 1515 552 1575 Corinth.
576 1514 665 1574 Diod.
688 1515 748 1574 Sic.
770 1515 892 1594 Dionys.
916 1516 1018 1574 llalio.
1041 1515 1180 1574 Dinarch.
1202 1514 1268 1574 adr.

171 1606 260 1664 Dem.
276 1606 364 1666 Phot.
378 1626 409 1686 p.
422 1612 492 1667 808.
507 1607 628 1667 Hellad.
641 1627 672 1687 p.
683 1609 752 1671 878.
768 1607 881 1666 Athen.
893 1607 914 1667 l.
927 1613 957 1668 6.
973 1607 1072 1666 Aliter
1085 1606 1199 1668 Gellius
1213 1605 1268 1666 XI.

170 1702 202 1759 8.
216 1717 256 1756 ex
269 1698 407 1758 Critolao.
429 1699 620 1757 Demosthenis
632 1699 771 1775 Epistoloe.
882 1743 884 1750 ,

210 1790 369 1850 exuto.
378 1799 428 1848 set.
444 1789 482 1849 D.
493 1793 544 1851 56.
566 1788 683 1848 Bellum
693 1789 876 1850 Lamiacum.
891 1791 1016 1852 Peucen.
1028 1811 1057 1871 p.
1070 1795 1141 1854 415.
1153 1781 1269 1851 Menrs.

171 1883 237 1940 Att.
251 1881 339 1942 Lect.
353 1881 409 1942 IV.
422 1887 453 1942 4.
493 1944 495 1953 ,

210 1975 332 2054 Olymp.
354 1973 463 2034 CXIV.
478 1979 507 2034 l.
534 1985 582 2034 aet.
606 1973 645 2034 D.
659 1977 709 2038 57.
741 1975 829 2035 Mors
844 1974 1018 2036 Alexandri.
1034 1985 1105 2056 quot
1118 1994 1209 2036 annos
1222 1994 1270 2036 re·

170 2068 280 2150 gnaeit,
300 2066 382 2142 abrit,
400 2087 494 2147 genus
508 2068 618 2127 mortis.
633 2130 636 2140 ,
651 2067 799 2128 schottus.
821 2061 882 2128 Res
902 2069 1108 2128 Demosthenis
1127 2068 1270 2146 praeclare

170 2174 274 2242 gestas.
288 2162 414 2223 Luciau.
426 2163 502 2222 Enc.
514 2163 552 2220 D.
563 2161 714 2221 Plutarch.
725 2161 880 2244 Apophth.
890 2166 976 2240 p.‚l7.
987 2161 1135 2239 Leopard.
1146 2159 1272 2219 Emend.

170 2255 241 2315 XV.
255 2259 286 2316 9.
318 2255 423 2332 Imago
436 2255 502 2331 ejus
516 2252 610 2312 Piraei.
625 2252 752 2310 Pausan.
767 2253 882 2311 Meurs.
897 2253 927 2310 in
941 2251 1054 2311 Piraeeo
1068 2271 1095 2311 c.
1108 2253 1139 2316 7.
1158 2251 1273 2312 obsidet

172 2346 365 2425 Antipatrum
377 2345 501 2404 Lamiae.
541 2343 579 2401 In
597 2342 679 2401 bello
692 2341 843 2414 Lamiaeo,
864 2363 930 2403 eum
953 2343 1105 2424 Antipater
1122 2343 1198 2403 intra
1212 2343 1273 2404 Le·

172 2437 261 2496 miam
276 2458 295 2496 a
313 2436 431 2497 Graecis
449 2435 606 2496 conclusus
626 2443 714 2505 esset,
738 2434 951 2496 Demosthenes
965 2435 1046 2510 dixit,
1067 2455 1126 2496 non
1147 2437 1272 2496 eandem

173 2529 231 2590 sihi
245 2547 310 2589 esse
323 2525 507 2611 sententiam,
522 2545 558 2587 ac
573 2525 810 2600 Atheniensibus,
822 2527 870 2607 qui
884 2531 922 2591 oh
936 2531 1014 2589 huno
1024 2530 1123 2590 laetum
1134 2529 1273 2590 nuncium

173 2620 391 2683 sacrificabant.
430 2620 508 2679 Nori
519 2616 609 2692 enim,
623 2618 726 2698 inquit,
739 2618 860 2680 Graecos
873 2620 997 2681 stadium
1009 2642 1141 2702 pugnare
1155 2633 1185 2682 et
1198 2622 1274 2682 seire

175 2727 210 2776 et
223 2732 319 2795 posse,
336 2712 482 2772 Dolichon
496 2723 594 2788 autem
610 2731 669 2770 non
683 2712 764 2774 item.
785 2712 864 2773 Plut.
885 2714 916 2772 in
929 2716 968 2773 X.
990 2724 1063 2775 orat.
1082 2714 1176 2774 simile
1197 2714 1276 2773 Pho·
1308 2755 1314 2767 .

178 2807 269 2869 cionis
290 2805 534 2884 Plut.-Proeeept.
554 2804 642 2863 Polit.
656 2824 685 2883 p.
704 2808 774 2864 888.
789 2805 840 2865 lin.
876 2806 1068 2878 Demotionis,
1085 2806 1275 2885 Areopagita-

176 2920 243 2965 rum
267 2897 416 2982 principis,
438 2898 500 2957 lilla
518 2896 612 2977 virgo,
634 2897 735 2956 audito
754 2899 854 2977 sponsi
877 2892 1053 2958 Leosthenis
1076 2898 1204 2968 interitu,
1226 2897 1277 2977 qui

42 3054 59 3086 ο
131 2986 136 2992 ’
176 2992 286 3052 bellurn
300 2990 473 3051 Lamiacum
487 2989 660 3059 concitarat,
675 3008 708 3048 se
721 2988 870 3049 interfecit
889 3008 1031 3061 asserens,
1046 3008 1219 3069 quamquam
1232 2988 1278 3049 in·

178 3094 261 3145 tacta
273 3093 351 3144 esset
361 3099 494 3162 corpore,
507 3094 616 3152 tamen,
632 3081 656 3139 si
671 3081 794 3141 alterum
809 3082 944 3162 accipere
957 3092 1122 3161 cogeretur,
1135 3082 1216 3162 quasi
1231 3101 1277 3140 se·

179 3176 311 3235 eundum
330 3174 487 3253 acciperet,
509 3192 578 3233 cum
598 3172 687 3252 priori
705 3184 805 3233 mente
826 3174 980 3253 nupsisset.
1022 3174 1194 3255 Hieronym.
1209 3176 1277 3234 adr.

180 3267 329 3328 lovinion.
342 3267 363 3327 l.
379 3272 408 3327 1.
429 3266 558 3346 Pytheas
576 3276 608 3326 et
622 3261 784 3325 Callimedo
800 3266 942 3326 Carahus.
984 3267 1148 3327 Hortsntnr
1167 3286 1279 3346 graeeas

182 3359 316 3420 civitates
340 3358 409 3418 hinc
430 3359 520 3438 legati
540 3357 700 3438 Antipatri,
724 3357 794 3417 inde
818 3358 1023 3419 Athenienses.
1065 3358 1279 3419 Demosthenes

182 3464 248 3513 tum
267 3450 353 3510 exsul
373 3451 481 3511 resistit
501 3451 633 3531 Pytheas.
664 3450 764 3531 Pytho
777 3450 939 3529 Byzantius
954 3451 1058 3511 rhetor.
1074 3456 1173 3533 πολλῷ
1187 3452 1281 3532 ῥέοντι

183 3576 225 3591 --
241 3544 328 3602 Dem.
342 3543 414 3622 ipse.
430 3542 509 3602 Plut.
529 3543 559 3603 iu
577 3562 605 3601 r.
627 3544 713 3603 nem.
736 3542 843 3602 Sextus
864 3542 975 3622 Empir.
989 3564 1018 3621 p.
1038 3544 1109 3608 297.
1122 3544 1171 3603 ed.
1194 3544 1282 3603 Febr.

186 3636 292 3697 Trete.
307 3634 384 3695 Chil.
393 3633 447 3694 VI.
460 3639 510 3695 88.
521 3633 621 3694 Olear.
631 3636 671 3694 ad
685 3634 822 3694 Philostr.
833 3656 863 3714 p.
874 3640 943 3696 283.
959 3634 1045 3696 Voss.
1063 3638 1100 3696 de
1114 3634 1185 3696 Nat.
1201 3636 1283 3696 Rhe·

185 3740 242 3790 tor.
254 3748 284 3807 p.
296 3733 346 3788 81.
374 3726 480 3787 AElian.
491 3728 529 3788 V.
542 3726 584 3787 H.
598 3726 682 3787 XIV.
691 3731 740 3787 28.
755 3727 839 3787 Pbot.
853 3728 1000 3789 cadell.
1018 3728 1149 3789 Demetr.
1164 3728 1282 3789 Phaler.

186 3842 213 3884 e.
229 3828 279 3884 80.
301 3832 332 3881 et
349 3824 420 3883 886.
443 3820 508 3880 Lac
530 3818 695 3880 Asininum.
727 3820 887 3880 Decretum
912 3822 951 3889 de
975 3822 1174 3883 Demosthene
1198 3821 1286 3880 redu·

186 3916 294 3985 sendo.
333 3912 405 3974 Eis-e
420 3913 518 3974 Demo
532 3912 721 3972 Paeaniensis.
757 3914 851 3973 Missa
864 3914 974 3973 triremi
988 3928 1150 3977 revocatur.
1182 3914 1284 3972 Effusa

188 4010 275 4068 turba
283 4007 436 4086 excipitur.
478 4006 652 4066 Praeclarior
665 4001 785 4078 reditus,
797 4026 883 4085 quam
895 3998 1062 4079 Alcibiadis,
1078 4008 1146 4087 quis
1156 4005 1285 4087 populus
1314 4038 1316 4043 ,

114 4128 118 4133 ·
189 4110 295 4180 sponte
304 4100 461 4160 revocarit.
484 4099 603 4158 Mulcta
616 4096 774 4159 distrIctns.
806 4100 893 4158 Elusa
907 4098 966 4159 lex.
987 4101 1071 4160 Jovis
1084 4100 1212 4175 Σωτῆρος
1226 4112 1285 4155 ara.
1405 4120 1409 4123 ·

190 4194 302 4253 Munus
313 4194 400 4255 Dem.
416 4195 542 4252 locatum
553 4192 590 4252 L.
602 4192 913 4271 talentis,quantisci1.
930 4192 957 4251 ei
969 4193 1006 4252 lis
1020 4193 1116 4252 fuerat
1128 4190 1282 4250 aestimata.

191 4287 269 4345 Plut.
284 4286 371 4345 Phot.
394 4286 519 4347 Reditus
539 4285 755 4346 Demosthenis.
775 4286 883 4347 Justin.
898 4283 986 4345 Xlll.
1000 4288 1030 4345 5.
1052 4282 1140 4343 DIod.
1159 4282 1218 4342 Sic.
1240 4303 1287 4345 re·

191 4378 263 4437 diise
277 4380 317 4439 eit
330 4398 408 4439 enno
420 4372 565 4460 prosimo.
826 4375 830 4383 ’

234 4470 343 4529 CXIV.
364 4476 393 4531 8.
434 4483 481 4530 aet.
497 4472 585 4529 Dem.
598 4474 648 4531 59.
680 4470 771 4541 Obiit,
794 4470 898 4529 eodem
918 4486 1005 4527 anno-
1022 4486 1078 4545 quo
1100 4466 1287 4531 Aristoteles.

194 4560 297 4621 Laert.
308 4562 348 4619 V.
363 4570 410 4646 10.
425 4564 462 4627 in
471 4562 592 4622 Aristot.
603 4556 757 4623 NB.an'no
767 4560 898 4641 proximo
913 4560 1081 4619 Menander
1093 4559 1221 4622 fabulam
1236 4564 1290 4623 do·
1402 4632 1403 4635 Ἴ
